postComment,postCommentAuthor,postCommentTime_final,isSeller,postCommentLength,lns,salesQuantity,producePrice,productBought_ACHAR,productBought_BCP,productBought_BMC,productBought_BP,productBought_BS,productBought_BSS,productBought_BST,productBought_BT78,productBought_BTT,productBought_ER,productBought_FG,productBought_KBP,productBought_KKM,productBought_KN11,productBought_LCT33,productBought_MFC,productBought_NOSTOCK,productBought_OLP239,productBought_OTAK,productBought_PCT,productBought_PR,productBought_RGB,productBought_RGSS,productBought_RST,productBought_SCF,productBought_SL399,productBought_STF,productBought_TPT22,productBought_WAITLONGLONG,productBought_WAK,productBought_WBF
Good morning OSS ,Khym Hoon Sung,00:00:33,0,3,0,0,0,0.0,0.0,0,0.0,0,0.0,0.0,0,0,0,0.0,0,0,0.0,0.0,0,0,0.0,0.0,0,0,0,0.0,0.0,0,0.0,0.0,0.0,0,0.0,0.0
OSS     ,Jack Daniel,00:00:38,0,1,0,0,0,0.0,0.0,0,0.0,0,0.0,0.0,0,0,0,0.0,0,0,0.0,0.0,0,0,0.0,0.0,0,0,0,0.0,0.0,0,0.0,0.0,0.0,0,0.0,0.0
LNS ,Jennie Gan,00:00:47,0,1,1,0,0,0.0,0.0,0,0.0,0,0.0,0.0,0,0,0,0.0,0,0,0.0,0.0,0,0,0.0,0.0,0,0,0,0.0,0.0,0,0.0,0.0,0.0,0,0.0,0.0
Good morning miko and OSS team ,Jennie Gan,00:00:57,0,6,0,0,0,0.0,0.0,0,0.0,0,0.0,0.0,0,0,0,0.0,0,0,0.0,0.0,0,0,0.0,0.0,0,0,0,0.0,0.0,0,0.0,0.0,0.0,0,0.0,0.0
Lns oss,Doris Pay,00:01:01,0,2,1,0,0,0.0,0.0,0,0.0,0,0.0,0.0,0,0,0,0.0,0,0,0.0,0.0,0,0,0.0,0.0,0,0,0,0.0,0.0,0,0.0,0.0,0.0,0,0.0,0.0
BIG FISHES!!! 2 X COD TAIL PORTION 1.0-1.2 KG/ PCS ( ST) @ $111.11 Comment PCT+1 below to join the Sale,OceanStar Seafood,00:01:01,1,21,0,0,0,0.0,0.0,0,0.0,0,0.0,0.0,0,0,0,0.0,0,0,0.0,0.0,0,0,0.0,0.0,0,0,0,0.0,0.0,0,0.0,0.0,0.0,0,0.0,0.0
Mrg miko,Doris Pay,00:01:05,0,2,0,0,0,0.0,0.0,0,0.0,0,0.0,0.0,0,0,0,0.0,0,0,0.0,0.0,0,0,0.0,0.0,0,0,0,0.0,0.0,0,0.0,0.0,0.0,0,0.0,0.0
good morning Miko  team!!,Yvonne Leong,00:01:07,0,4,0,0,0,0.0,0.0,0,0.0,0,0.0,0.0,0,0,0,0.0,0,0,0.0,0.0,0,0,0.0,0.0,0,0,0,0.0,0.0,0,0.0,0.0,0.0,0,0.0,0.0
OSS,Ivy Ng Lee Cheng,00:01:17,0,1,0,0,0,0.0,0.0,0,0.0,0,0.0,0.0,0,0,0,0.0,0,0,0.0,0.0,0,0,0.0,0.0,0,0,0,0.0,0.0,0,0.0,0.0,0.0,0,0.0,0.0
OSS,Tan Siew Kuan,00:01:26,0,1,0,0,0,0.0,0.0,0,0.0,0,0.0,0.0,0,0,0,0.0,0,0,0.0,0.0,0,0,0.0,0.0,0,0,0,0.0,0.0,0,0.0,0.0,0.0,0,0.0,0.0
Lns,Ong Patsy,00:01:27,0,1,1,0,0,0.0,0.0,0,0.0,0,0.0,0.0,0,0,0,0.0,0,0,0.0,0.0,0,0,0.0,0.0,0,0,0,0.0,0.0,0,0.0,0.0,0.0,0,0.0,0.0
CRAZY DEAL!!! 2 X COD TAIL PORTION 1.0-1.2 KG/ PCS ( ST) @ $111.11 Comment PCT+1 below to join the Sale,OceanStar Seafood,00:01:29,1,21,0,0,0,0.0,0.0,0,0.0,0,0.0,0.0,0,0,0,0.0,0,0,0.0,0.0,0,0,0.0,0.0,0,0,0,0.0,0.0,0,0.0,0.0,0.0,0,0.0,0.0
OSS,Doreen Wah,00:01:32,0,1,0,0,0,0.0,0.0,0,0.0,0,0.0,0.0,0,0,0,0.0,0,0,0.0,0.0,0,0,0.0,0.0,0,0,0,0.0,0.0,0,0.0,0.0,0.0,0,0.0,0.0
OSS ,Jennie Gan,00:01:33,0,1,0,0,0,0.0,0.0,0,0.0,0,0.0,0.0,0,0,0,0.0,0,0,0.0,0.0,0,0,0.0,0.0,0,0,0,0.0,0.0,0,0.0,0.0,0.0,0,0.0,0.0
PREMIUM GRADE SALMON 2.2-2.4 KG/ PCS @58.80 Comment SS588+1 below to join the Sale,OceanStar Seafood,00:01:37,1,14,0,0,0,0.0,0.0,0,0.0,0,0.0,0.0,0,0,0,0.0,0,0,0.0,0.0,0,0,0.0,0.0,0,0,0,0.0,0.0,0,0.0,0.0,0.0,0,0.0,0.0
OSS,Doreen Wah,00:01:40,0,1,0,0,0,0.0,0.0,0,0.0,0,0.0,0.0,0,0,0,0.0,0,0,0.0,0.0,0,0,0.0,0.0,0,0,0,0.0,0.0,0,0.0,0.0,0.0,0,0.0,0.0
OSS LNS,Ong Patsy,00:01:44,0,2,1,0,0,0.0,0.0,0,0.0,0,0.0,0.0,0,0,0,0.0,0,0,0.0,0.0,0,0,0.0,0.0,0,0,0,0.0,0.0,0,0.0,0.0,0.0,0,0.0,0.0
BALAI THREADFIN WHOLE 5.4-5.8 KG/ PCS @$111.10 Comment BTW111+1 below to join the Sale,OceanStar Seafood,00:01:45,1,14,0,0,$111.10  BTW111+1,0.0,0.0,0,0.0,0,0.0,0.0,0,0,0,0.0,0,0,0.0,0.0,0,0,0.0,0.0,0,0,0,0.0,0.0,0,0.0,0.0,0.0,0,0.0,0.0
OSS,Doreen Wah,00:01:47,0,1,0,0,0,0.0,0.0,0,0.0,0,0.0,0.0,0,0,0,0.0,0,0,0.0,0.0,0,0,0.0,0.0,0,0,0,0.0,0.0,0,0.0,0.0,0.0,0,0.0,0.0
OSS,Doreen Wah,00:01:53,0,1,0,0,0,0.0,0.0,0,0.0,0,0.0,0.0,0,0,0,0.0,0,0,0.0,0.0,0,0,0.0,0.0,0,0,0,0.0,0.0,0,0.0,0.0,0.0,0,0.0,0.0
LNS,Ivy Ng Lee Cheng,00:01:53,0,1,1,0,0,0.0,0.0,0,0.0,0,0.0,0.0,0,0,0,0.0,0,0,0.0,0.0,0,0,0.0,0.0,0,0,0,0.0,0.0,0,0.0,0.0,0.0,0,0.0,0.0
LOCAL CATCH THREADFIN 1.3-1.6 KG/ PCS @$33.30 Comment LCT33+1 below to join the Sale,OceanStar Seafood,00:01:55,1,14,0,0,$33.30  LCT33+1,0.0,0.0,0,0.0,0,0.0,0.0,0,0,0,0.0,0,0,0.0,0.0,0,0,0.0,0.0,0,0,0,0.0,0.0,0,0.0,0.0,0.0,0,0.0,0.0
SALMON TROUT WHOLE 4.0-4.3 KG/ PCS @$108.00 Comment STW+1 below to join the Sale,OceanStar Seafood,00:02:05,1,14,0,0,$108.00  STW+1,0.0,0.0,0,0.0,0,0.0,0.0,0,0,0,0.0,0,0,0.0,0.0,0,0,0.0,0.0,0,0,0,0.0,0.0,0,0.0,0.0,0.0,0,0.0,0.0
OSS,Tan Siew Kuan,00:02:10,0,1,0,0,0,0.0,0.0,0,0.0,0,0.0,0.0,0,0,0,0.0,0,0,0.0,0.0,0,0,0.0,0.0,0,0,0,0.0,0.0,0,0.0,0.0,0.0,0,0.0,0.0
OSS,Ivy Ng Lee Cheng,00:02:10,0,1,0,0,0,0.0,0.0,0,0.0,0,0.0,0.0,0,0,0,0.0,0,0,0.0,0.0,0,0,0.0,0.0,0,0,0,0.0,0.0,0,0.0,0.0,0.0,0,0.0,0.0
RED SNAPPER WHOLE 1.7-1.9 KG/ PCS @$33.33 Comment RS33+1 below to join the Sale,OceanStar Seafood,00:02:13,1,14,0,0,$33.33  RS33+1,0.0,0.0,0,0.0,0,0.0,0.0,0,0,0,0.0,0,0,0.0,0.0,0,0,0.0,0.0,0,0,0,0.0,0.0,0,0.0,0.0,0.0,0,0.0,0.0
OSS ,Ivy Ng Lee Cheng,00:02:26,0,1,0,0,0,0.0,0.0,0,0.0,0,0.0,0.0,0,0,0,0.0,0,0,0.0,0.0,0,0,0.0,0.0,0,0,0,0.0,0.0,0,0.0,0.0,0.0,0,0.0,0.0
LAST 2 PCS!!! RED EMPEROR SNAPPER 1.2-1.5 KG/ PCS @ $22.90 Comment RES229+1 below to join the Sale,OceanStar Seafood,00:02:26,1,18,0,0,0,0.0,0.0,0,0.0,0,0.0,0.0,0,0,0,0.0,0,0,0.0,0.0,0,0,0.0,0.0,0,0,0,0.0,0.0,0,0.0,0.0,0.0,0,0.0,0.0
Ohaiyo miko and team,Winnie Wu,00:02:37,0,4,0,0,0,0.0,0.0,0,0.0,0,0.0,0.0,0,0,0,0.0,0,0,0.0,0.0,0,0,0.0,0.0,0,0,0,0.0,0.0,0,0.0,0.0,0.0,0,0.0,0.0
2 X ANG KO LI WHOLE 1.3-1.6 KG/ PCS @ $29.90 Comment AKL299+1 below to join the Sale,OceanStar Seafood,00:02:37,1,18,0,0,0,0.0,0.0,0,0.0,0,0.0,0.0,0,0,0,0.0,0,0,0.0,0.0,0,0,0.0,0.0,0,0,0,0.0,0.0,0,0.0,0.0,0.0,0,0.0,0.0
Oss,Samuel Goh,00:02:39,0,1,0,0,0,0.0,0.0,0,0.0,0,0.0,0.0,0,0,0,0.0,0,0,0.0,0.0,0,0,0.0,0.0,0,0,0,0.0,0.0,0,0.0,0.0,0.0,0,0.0,0.0
Oss,Sherlyn Khoo,00:02:44,0,1,0,0,0,0.0,0.0,0,0.0,0,0.0,0.0,0,0,0,0.0,0,0,0.0,0.0,0,0,0.0,0.0,0,0,0,0.0,0.0,0,0.0,0.0,0.0,0,0.0,0.0
OSS ,Doreen Wah,00:02:45,0,1,0,0,0,0.0,0.0,0,0.0,0,0.0,0.0,0,0,0,0.0,0,0,0.0,0.0,0,0,0.0,0.0,0,0,0,0.0,0.0,0,0.0,0.0,0.0,0,0.0,0.0
OSS meh,Samuel Goh,00:02:47,0,2,0,0,0,0.0,0.0,0,0.0,0,0.0,0.0,0,0,0,0.0,0,0,0.0,0.0,0,0,0.0,0.0,0,0,0,0.0,0.0,0,0.0,0.0,0.0,0,0.0,0.0
WILD BARRAMUNDI WHOLE 3.5-3.9 KG/ PCS @ $49.90 Comment WB499+1 below to join the Sale,OceanStar Seafood,00:02:48,1,15,0,0,0,0.0,0.0,0,0.0,0,0.0,0.0,0,0,0,0.0,0,0,0.0,0.0,0,0,0.0,0.0,0,0,0,0.0,0.0,0,0.0,0.0,0.0,0,0.0,0.0
Mrg OSS,Samuel Goh,00:02:55,0,2,0,0,0,0.0,0.0,0,0.0,0,0.0,0.0,0,0,0,0.0,0,0,0.0,0.0,0,0,0.0,0.0,0,0,0,0.0,0.0,0,0.0,0.0,0.0,0,0.0,0.0
WILD GROUPER WHOLE 2.2-2.5 KG/ PCS @$39.90 Comment WG399+1 below to join the Sale,OceanStar Seafood,00:02:57,1,14,0,0,$39.90  WG399+1,0.0,0.0,0,0.0,0,0.0,0.0,0,0,0,0.0,0,0,0.0,0.0,0,0,0.0,0.0,0,0,0,0.0,0.0,0,0.0,0.0,0.0,0,0.0,0.0
OSS ,Ivy Ng Lee Cheng,00:03:03,0,1,0,0,0,0.0,0.0,0,0.0,0,0.0,0.0,0,0,0,0.0,0,0,0.0,0.0,0,0,0.0,0.0,0,0,0,0.0,0.0,0,0.0,0.0,0.0,0,0.0,0.0
OSS,Doreen Wah,00:03:04,0,1,0,0,0,0.0,0.0,0,0.0,0,0.0,0.0,0,0,0,0.0,0,0,0.0,0.0,0,0,0.0,0.0,0,0,0,0.0,0.0,0,0.0,0.0,0.0,0,0.0,0.0
MUST GRAB!!!! 2 X BATANG WHOLE 2.7-2.9 KG / PCS @ $78.00 Comment BT78+1 below to join the Sale.,OceanStar Seafood,00:03:12,1,19,0,0,0,0.0,0.0,0,0.0,0,0.0,0.0,0,0,0,0.0,0,0,0.0,0.0,0,0,0.0,0.0,0,0,0,0.0,0.0,0,0.0,0.0,0.0,0,0.0,0.0
OSS ,Ivy Ng Lee Cheng,00:03:12,0,1,0,0,0,0.0,0.0,0,0.0,0,0.0,0.0,0,0,0,0.0,0,0,0.0,0.0,0,0,0.0,0.0,0,0,0,0.0,0.0,0,0.0,0.0,0.0,0,0.0,0.0
oss,Huay Geok  Ang,00:03:23,0,1,0,0,0,0.0,0.0,0,0.0,0,0.0,0.0,0,0,0,0.0,0,0,0.0,0.0,0,0,0.0,0.0,0,0,0,0.0,0.0,0,0.0,0.0,0.0,0,0.0,0.0
oss,Huay Geok  Ang,00:03:31,0,1,0,0,0,0.0,0.0,0,0.0,0,0.0,0.0,0,0,0,0.0,0,0,0.0,0.0,0,0,0.0,0.0,0,0,0,0.0,0.0,0,0.0,0.0,0.0,0,0.0,0.0
MUST GRAB!!! 3 X WILD CAUGHT ANG KA 500G/ POR @$22.22 Comment WAK+1 below to join the Sale.,OceanStar Seafood,00:03:32,1,18,0,0,$22.22  WAK+1 ,0.0,0.0,0,0.0,0,0.0,0.0,0,0,0,0.0,0,0,0.0,0.0,0,0,0.0,0.0,0,0,0,0.0,0.0,0,0.0,0.0,0.0,0,0.0,0.0
OSS ,Ivy Ng Lee Cheng,00:03:33,0,1,0,0,0,0.0,0.0,0,0.0,0,0.0,0.0,0,0,0,0.0,0,0,0.0,0.0,0,0,0.0,0.0,0,0,0,0.0,0.0,0,0.0,0.0,0.0,0,0.0,0.0
oss,Huay Geok  Ang,00:03:40,0,1,0,0,0,0.0,0.0,0,0.0,0,0.0,0.0,0,0,0,0.0,0,0,0.0,0.0,0,0,0.0,0.0,0,0,0,0.0,0.0,0,0.0,0.0,0.0,0,0.0,0.0
OSS ,Ivy Ng Lee Cheng,00:03:40,0,1,0,0,0,0.0,0.0,0,0.0,0,0.0,0.0,0,0,0,0.0,0,0,0.0,0.0,0,0,0.0,0.0,0,0,0,0.0,0.0,0,0.0,0.0,0.0,0,0.0,0.0
OSS,Doreen Wah,00:03:50,0,1,0,0,0,0.0,0.0,0,0.0,0,0.0,0.0,0,0,0,0.0,0,0,0.0,0.0,0,0,0.0,0.0,0,0,0,0.0,0.0,0,0.0,0.0,0.0,0,0.0,0.0
oss,Huay Geok  Ang,00:03:53,0,1,0,0,0,0.0,0.0,0,0.0,0,0.0,0.0,0,0,0,0.0,0,0,0.0,0.0,0,0,0.0,0.0,0,0,0,0.0,0.0,0,0.0,0.0,0.0,0,0.0,0.0
OSS ,Ivy Ng Lee Cheng,00:03:57,0,1,0,0,0,0.0,0.0,0,0.0,0,0.0,0.0,0,0,0,0.0,0,0,0.0,0.0,0,0,0.0,0.0,0,0,0,0.0,0.0,0,0.0,0.0,0.0,0,0.0,0.0
Oss,Huay Geok  Ang,00:04:01,0,1,0,0,0,0.0,0.0,0,0.0,0,0.0,0.0,0,0,0,0.0,0,0,0.0,0.0,0,0,0.0,0.0,0,0,0,0.0,0.0,0,0.0,0.0,0.0,0,0.0,0.0
MUST GRAB!!! 3 X WILD CAUGHT ANG KA 500G/ POR @$22.22 Comment WAK+1 below to join the Sale.,OceanStar Seafood,00:04:06,1,18,0,0,$22.22  WAK+1 ,0.0,0.0,0,0.0,0,0.0,0.0,0,0,0,0.0,0,0,0.0,0.0,0,0,0.0,0.0,0,0,0,0.0,0.0,0,0.0,0.0,0.0,0,0.0,0.0
oSs,Huay Geok  Ang,00:04:09,0,1,0,0,0,0.0,0.0,0,0.0,0,0.0,0.0,0,0,0,0.0,0,0,0.0,0.0,0,0,0.0,0.0,0,0,0,0.0,0.0,0,0.0,0.0,0.0,0,0.0,0.0
Good Morning my dear n Everyone ,Sabrina Chu,00:04:14,0,6,0,0,0,0.0,0.0,0,0.0,0,0.0,0.0,0,0,0,0.0,0,0,0.0,0.0,0,0,0.0,0.0,0,0,0,0.0,0.0,0,0.0,0.0,0.0,0,0.0,0.0
oss,Huay Geok  Ang,00:04:17,0,1,0,0,0,0.0,0.0,0,0.0,0,0.0,0.0,0,0,0,0.0,0,0,0.0,0.0,0,0,0.0,0.0,0,0,0,0.0,0.0,0,0.0,0.0,0.0,0,0.0,0.0
Wak+1,Ivy Gin,00:04:21,0,1,0,1,0,0.0,0.0,0,0.0,0,0.0,0.0,0,0,0,0.0,0,0,0.0,0.0,0,0,0.0,0.0,0,0,0,0.0,0.0,0,0.0,0.0,0.0,0,22.22,0.0
OSS ,Doreen Wah,00:04:24,0,1,0,0,0,0.0,0.0,0,0.0,0,0.0,0.0,0,0,0,0.0,0,0,0.0,0.0,0,0,0.0,0.0,0,0,0,0.0,0.0,0,0.0,0.0,0.0,0,0.0,0.0
OSS,Huay Geok  Ang,00:04:28,0,1,0,0,0,0.0,0.0,0,0.0,0,0.0,0.0,0,0,0,0.0,0,0,0.0,0.0,0,0,0.0,0.0,0,0,0,0.0,0.0,0,0.0,0.0,0.0,0,0.0,0.0
Good morning Miko,Cjwee Surin,00:04:28,0,3,0,0,0,0.0,0.0,0,0.0,0,0.0,0.0,0,0,0,0.0,0,0,0.0,0.0,0,0,0.0,0.0,0,0,0,0.0,0.0,0,0.0,0.0,0.0,0,0.0,0.0
OSS,Ivy Ng Lee Cheng,00:04:30,0,1,0,0,0,0.0,0.0,0,0.0,0,0.0,0.0,0,0,0,0.0,0,0,0.0,0.0,0,0,0.0,0.0,0,0,0,0.0,0.0,0,0.0,0.0,0.0,0,0.0,0.0
Good morning miko,Ivy Gin,00:04:35,0,3,0,0,0,0.0,0.0,0,0.0,0,0.0,0.0,0,0,0,0.0,0,0,0.0,0.0,0,0,0.0,0.0,0,0,0,0.0,0.0,0,0.0,0.0,0.0,0,0.0,0.0
OSS,Joanne Chong,00:04:46,0,1,0,0,0,0.0,0.0,0,0.0,0,0.0,0.0,0,0,0,0.0,0,0,0.0,0.0,0,0,0.0,0.0,0,0,0,0.0,0.0,0,0.0,0.0,0.0,0,0.0,0.0
WAK x 2,Joanna Ee,00:04:48,0,3,0,0,0,0.0,0.0,0,0.0,0,0.0,0.0,0,0,0,0.0,0,0,0.0,0.0,0,0,0.0,0.0,0,0,0,0.0,0.0,0,0.0,0.0,0.0,0,0.0,0.0
OSS,Doreen Wah,00:04:48,0,1,0,0,0,0.0,0.0,0,0.0,0,0.0,0.0,0,0,0,0.0,0,0,0.0,0.0,0,0,0.0,0.0,0,0,0,0.0,0.0,0,0.0,0.0,0.0,0,0.0,0.0
wak+1,Huay Geok  Ang,00:04:53,0,1,0,1,0,0.0,0.0,0,0.0,0,0.0,0.0,0,0,0,0.0,0,0,0.0,0.0,0,0,0.0,0.0,0,0,0,0.0,0.0,0,0.0,0.0,0.0,0,22.22,0.0
OSS ,Ivy Ng Lee Cheng,00:04:53,0,1,0,0,0,0.0,0.0,0,0.0,0,0.0,0.0,0,0,0,0.0,0,0,0.0,0.0,0,0,0.0,0.0,0,0,0,0.0,0.0,0,0.0,0.0,0.0,0,0.0,0.0
OSS ,Ivy Ng Lee Cheng,00:05:01,0,1,0,0,0,0.0,0.0,0,0.0,0,0.0,0.0,0,0,0,0.0,0,0,0.0,0.0,0,0,0.0,0.0,0,0,0,0.0,0.0,0,0.0,0.0,0.0,0,0.0,0.0
Good morning Miko  OSS,Joanne Chong,00:05:04,0,4,0,0,0,0.0,0.0,0,0.0,0,0.0,0.0,0,0,0,0.0,0,0,0.0,0.0,0,0,0.0,0.0,0,0,0,0.0,0.0,0,0.0,0.0,0.0,0,0.0,0.0
MUST GRAB!!! 3 X WILD CAUGHT ANG KA 500G/ POR @$22.22 Comment WAK+1 below to join the Sale.,OceanStar Seafood,00:05:07,1,18,0,0,$22.22  WAK+1 ,0.0,0.0,0,0.0,0,0.0,0.0,0,0,0,0.0,0,0,0.0,0.0,0,0,0.0,0.0,0,0,0,0.0,0.0,0,0.0,0.0,0.0,0,0.0,0.0
WAK+1,Chiang Kok Chin,00:05:08,0,1,0,1,0,0.0,0.0,0,0.0,0,0.0,0.0,0,0,0,0.0,0,0,0.0,0.0,0,0,0.0,0.0,0,0,0,0.0,0.0,0,0.0,0.0,0.0,0,22.22,0.0
oss,Huay Geok  Ang,00:05:09,0,1,0,0,0,0.0,0.0,0,0.0,0,0.0,0.0,0,0,0,0.0,0,0,0.0,0.0,0,0,0.0,0.0,0,0,0,0.0,0.0,0,0.0,0.0,0.0,0,0.0,0.0
oss,Huay Geok  Ang,00:05:20,0,1,0,0,0,0.0,0.0,0,0.0,0,0.0,0.0,0,0,0,0.0,0,0,0.0,0.0,0,0,0.0,0.0,0,0,0,0.0,0.0,0,0.0,0.0,0.0,0,0.0,0.0
OSS,Doreen Wah,00:05:38,0,1,0,0,0,0.0,0.0,0,0.0,0,0.0,0.0,0,0,0,0.0,0,0,0.0,0.0,0,0,0.0,0.0,0,0,0,0.0,0.0,0,0.0,0.0,0.0,0,0.0,0.0
WAK+1,Ivy Ng Lee Cheng,00:05:38,0,1,0,1,0,0.0,0.0,0,0.0,0,0.0,0.0,0,0,0,0.0,0,0,0.0,0.0,0,0,0.0,0.0,0,0,0,0.0,0.0,0,0.0,0.0,0.0,0,22.22,0.0
oss,Huay Geok  Ang,00:05:42,0,1,0,0,0,0.0,0.0,0,0.0,0,0.0,0.0,0,0,0,0.0,0,0,0.0,0.0,0,0,0.0,0.0,0,0,0,0.0,0.0,0,0.0,0.0,0.0,0,0.0,0.0
MUST GRAB!!! 3 X WILD CAUGHT ANG KA 500G/ POR @$22.22 Comment WAK+1 below to join the Sale.,OceanStar Seafood,00:05:48,1,18,0,0,$22.22  WAK+1 ,0.0,0.0,0,0.0,0,0.0,0.0,0,0,0,0.0,0,0,0.0,0.0,0,0,0.0,0.0,0,0,0,0.0,0.0,0,0.0,0.0,0.0,0,0.0,0.0
WAK+1,Clarissa Neo,00:05:49,0,1,0,1,0,0.0,0.0,0,0.0,0,0.0,0.0,0,0,0,0.0,0,0,0.0,0.0,0,0,0.0,0.0,0,0,0,0.0,0.0,0,0.0,0.0,0.0,0,22.22,0.0
oss,Huay Geok  Ang,00:05:52,0,1,0,0,0,0.0,0.0,0,0.0,0,0.0,0.0,0,0,0,0.0,0,0,0.0,0.0,0,0,0.0,0.0,0,0,0,0.0,0.0,0,0.0,0.0,0.0,0,0.0,0.0
OSS ,Ivy Ng Lee Cheng,00:05:52,0,1,0,0,0,0.0,0.0,0,0.0,0,0.0,0.0,0,0,0,0.0,0,0,0.0,0.0,0,0,0.0,0.0,0,0,0,0.0,0.0,0,0.0,0.0,0.0,0,0.0,0.0
OSS ,Ivy Ng Lee Cheng,00:05:56,0,1,0,0,0,0.0,0.0,0,0.0,0,0.0,0.0,0,0,0,0.0,0,0,0.0,0.0,0,0,0.0,0.0,0,0,0,0.0,0.0,0,0.0,0.0,0.0,0,0.0,0.0
OSS ,Ivy Ng Lee Cheng,00:06:02,0,1,0,0,0,0.0,0.0,0,0.0,0,0.0,0.0,0,0,0,0.0,0,0,0.0,0.0,0,0,0.0,0.0,0,0,0,0.0,0.0,0,0.0,0.0,0.0,0,0.0,0.0
oss,Huay Geok  Ang,00:06:10,0,1,0,0,0,0.0,0.0,0,0.0,0,0.0,0.0,0,0,0,0.0,0,0,0.0,0.0,0,0,0.0,0.0,0,0,0,0.0,0.0,0,0.0,0.0,0.0,0,0.0,0.0
CRAZY DEAL!!! 2 X COD TAIL PORTION 1.0-1.2 KG/ PCS ( ST) @ $111.11 Comment PCT+1 below to join the Sale,OceanStar Seafood,00:06:12,1,21,0,0,0,0.0,0.0,0,0.0,0,0.0,0.0,0,0,0,0.0,0,0,0.0,0.0,0,0,0.0,0.0,0,0,0,0.0,0.0,0,0.0,0.0,0.0,0,0.0,0.0
Good morning Miko ,Clarissa Neo,00:06:13,0,3,0,0,0,0.0,0.0,0,0.0,0,0.0,0.0,0,0,0,0.0,0,0,0.0,0.0,0,0,0.0,0.0,0,0,0,0.0,0.0,0,0.0,0.0,0.0,0,0.0,0.0
2 X BATANG STEAK 250-350G/ PKT @$11.11 Comment BST+1 below to join the Sale,OceanStar Seafood,00:06:27,1,14,0,0,$11.11  BST+1,0.0,0.0,0,0.0,0,0.0,0.0,0,0,0,0.0,0,0,0.0,0.0,0,0,0.0,0.0,0,0,0,0.0,0.0,0,0.0,0.0,0.0,0,0.0,0.0
OSS,Doreen Wah,00:06:29,0,1,0,0,0,0.0,0.0,0,0.0,0,0.0,0.0,0,0,0,0.0,0,0,0.0,0.0,0,0,0.0,0.0,0,0,0,0.0,0.0,0,0.0,0.0,0.0,0,0.0,0.0
BST+1,Violet Yap,00:06:44,0,1,0,1,0,0.0,0.0,0,0.0,0,0.0,11.11,0,0,0,0.0,0,0,0.0,0.0,0,0,0.0,0.0,0,0,0,0.0,0.0,0,0.0,0.0,0.0,0,0.0,0.0
OSS ,Ivy Ng Lee Cheng,00:07:12,0,1,0,0,0,0.0,0.0,0,0.0,0,0.0,0.0,0,0,0,0.0,0,0,0.0,0.0,0,0,0.0,0.0,0,0,0,0.0,0.0,0,0.0,0.0,0.0,0,0.0,0.0
OSS,Doreen Wah,00:07:22,0,1,0,0,0,0.0,0.0,0,0.0,0,0.0,0.0,0,0,0,0.0,0,0,0.0,0.0,0,0,0.0,0.0,0,0,0,0.0,0.0,0,0.0,0.0,0.0,0,0.0,0.0
Bst+1,Huay Geok  Ang,00:07:37,0,1,0,1,0,0.0,0.0,0,0.0,0,0.0,11.11,0,0,0,0.0,0,0,0.0,0.0,0,0,0.0,0.0,0,0,0,0.0,0.0,0,0.0,0.0,0.0,0,0.0,0.0
2 X BLACK POMFRET 400-500G/ PCS @$11.11 Comment BP+1 below to join the Sale,OceanStar Seafood,00:07:45,1,14,0,0,$11.11  BP+1,0.0,0.0,0,0.0,0,0.0,0.0,0,0,0,0.0,0,0,0.0,0.0,0,0,0.0,0.0,0,0,0,0.0,0.0,0,0.0,0.0,0.0,0,0.0,0.0
2 X BLACK POMFRET 400-500G/ PCS @$11.11 Comment BP+1 below to join the Sale,OceanStar Seafood,00:07:45,1,14,0,0,$11.11  BP+1,0.0,0.0,0,0.0,0,0.0,0.0,0,0,0,0.0,0,0,0.0,0.0,0,0,0.0,0.0,0,0,0,0.0,0.0,0,0.0,0.0,0.0,0,0.0,0.0
Bst+1,Ivy Gin,00:07:51,0,1,0,1,0,0.0,0.0,0,0.0,0,0.0,11.11,0,0,0,0.0,0,0,0.0,0.0,0,0,0.0,0.0,0,0,0,0.0,0.0,0,0.0,0.0,0.0,0,0.0,0.0
BP+1,Violet Yap,00:08:14,0,1,0,1,0,0.0,0.0,0,11.11,0,0.0,0.0,0,0,0,0.0,0,0,0.0,0.0,0,0,0.0,0.0,0,0,0,0.0,0.0,0,0.0,0.0,0.0,0,0.0,0.0
MUST GRAB!!! 2 X BLACK POMFRET 400-500G/ PCS @$11.11 Comment BP+1 below to join the Sale,OceanStar Seafood,00:08:15,1,16,0,0,$11.11  BP+1,0.0,0.0,0,0.0,0,0.0,0.0,0,0,0,0.0,0,0,0.0,0.0,0,0,0.0,0.0,0,0,0,0.0,0.0,0,0.0,0.0,0.0,0,0.0,0.0
CRAZY DEAL!!! 2 X COD TAIL PORTION 1.0-1.2 KG/ PCS ( ST) @ $111.11 Comment PCT+1 below to join the Sale,OceanStar Seafood,00:08:41,1,21,0,0,0,0.0,0.0,0,0.0,0,0.0,0.0,0,0,0,0.0,0,0,0.0,0.0,0,0,0.0,0.0,0,0,0,0.0,0.0,0,0.0,0.0,0.0,0,0.0,0.0
Bp+1,Huay Geok  Ang,00:08:48,0,1,0,1,0,0.0,0.0,0,11.11,0,0.0,0.0,0,0,0,0.0,0,0,0.0,0.0,0,0,0.0,0.0,0,0,0,0.0,0.0,0,0.0,0.0,0.0,0,0.0,0.0
3 X WILD BARRA FL 180-250G/ PCS @$11.11 Comment WBF+1 below to join the Sale.,OceanStar Seafood,00:08:50,1,15,0,0,$11.11  WBF+1 ,0.0,0.0,0,0.0,0,0.0,0.0,0,0,0,0.0,0,0,0.0,0.0,0,0,0.0,0.0,0,0,0,0.0,0.0,0,0.0,0.0,0.0,0,0.0,0.0
3 X WILD BARRA FL 180-250G/ PCS @$11.11 Comment WBF+1 below to join the Sale.,OceanStar Seafood,00:08:55,1,15,0,0,$11.11  WBF+1 ,0.0,0.0,0,0.0,0,0.0,0.0,0,0,0,0.0,0,0,0.0,0.0,0,0,0.0,0.0,0,0,0,0.0,0.0,0,0.0,0.0,0.0,0,0.0,0.0
Bp+1,Ivy Gin,00:09:01,0,1,0,1,0,0.0,0.0,0,11.11,0,0.0,0.0,0,0,0,0.0,0,0,0.0,0.0,0,0,0.0,0.0,0,0,0,0.0,0.0,0,0.0,0.0,0.0,0,0.0,0.0
Morning Miko,き リーサン,00:09:39,0,2,0,0,0,0.0,0.0,0,0.0,0,0.0,0.0,0,0,0,0.0,0,0,0.0,0.0,0,0,0.0,0.0,0,0,0,0.0,0.0,0,0.0,0.0,0.0,0,0.0,0.0
PREMIUM GRADE SALMON 2.2-2.4 KG/ PCS @58.80 Comment SS588+1 below to join the Sale,OceanStar Seafood,00:09:43,1,14,0,0,0,0.0,0.0,0,0.0,0,0.0,0.0,0,0,0,0.0,0,0,0.0,0.0,0,0,0.0,0.0,0,0,0,0.0,0.0,0,0.0,0.0,0.0,0,0.0,0.0
Good morning friends at OSS,き リーサン,00:09:53,0,5,0,0,0,0.0,0.0,0,0.0,0,0.0,0.0,0,0,0,0.0,0,0,0.0,0.0,0,0,0.0,0.0,0,0,0,0.0,0.0,0,0.0,0.0,0.0,0,0.0,0.0
Have cod fish today? ,Joanna Ee,00:09:54,0,4,0,0,0,0.0,0.0,0,0.0,0,0.0,0.0,0,0,0,0.0,0,0,0.0,0.0,0,0,0.0,0.0,0,0,0,0.0,0.0,0,0.0,0.0,0.0,0,0.0,0.0
WBF+1,Ong Patsy,00:10:04,0,1,0,1,0,0.0,0.0,0,0.0,0,0.0,0.0,0,0,0,0.0,0,0,0.0,0.0,0,0,0.0,0.0,0,0,0,0.0,0.0,0,0.0,0.0,0.0,0,0.0,11.11
BP+1,Debbie Chng,00:10:19,0,1,0,1,0,0.0,0.0,0,11.11,0,0.0,0.0,0,0,0,0.0,0,0,0.0,0.0,0,0,0.0,0.0,0,0,0,0.0,0.0,0,0.0,0.0,0.0,0,0.0,0.0
WBF+2,Ivy Ng Lee Cheng,00:10:23,0,1,0,2,0,0.0,0.0,0,0.0,0,0.0,0.0,0,0,0,0.0,0,0,0.0,0.0,0,0,0.0,0.0,0,0,0,0.0,0.0,0,0.0,0.0,0.0,0,0.0,11.11
LAST 4 PCS!!! PREMIUM GRADE SALMON 2.2-2.4 KG/ PCS @58.80 Comment SS588+1 below to join the Sale,OceanStar Seafood,00:10:25,1,17,0,0,0,0.0,0.0,0,0.0,0,0.0,0.0,0,0,0,0.0,0,0,0.0,0.0,0,0,0.0,0.0,0,0,0,0.0,0.0,0,0.0,0.0,0.0,0,0.0,0.0
OLP239+1,Clarissa Neo,00:10:30,0,1,0,1,0,0.0,0.0,0,0.0,0,0.0,0.0,0,0,0,0.0,0,0,0.0,0.0,0,0,23.9,0.0,0,0,0,0.0,0.0,0,0.0,0.0,0.0,0,0.0,0.0
CRAZY DEAL!!! 2 X COD TAIL PORTION 1.0-1.2 KG/ PCS ( ST) @ $111.11 Comment PCT+1 below to join the Sale,OceanStar Seafood,00:10:52,1,21,0,0,0,0.0,0.0,0,0.0,0,0.0,0.0,0,0,0,0.0,0,0,0.0,0.0,0,0,0.0,0.0,0,0,0,0.0,0.0,0,0.0,0.0,0.0,0,0.0,0.0
good morning pretty Miko OSS and everyone,Catherine Phua,00:11:14,0,7,0,0,0,0.0,0.0,0,0.0,0,0.0,0.0,0,0,0,0.0,0,0,0.0,0.0,0,0,0.0,0.0,0,0,0,0.0,0.0,0,0.0,0.0,0.0,0,0.0,0.0
CRAZY DEAL!!! 2 X COD TAIL PORTION 1.0-1.2 KG/ PCS ( ST) @ $111.11 Comment PCT+1 below to join the Sale,OceanStar Seafood,00:11:50,1,21,0,0,0,0.0,0.0,0,0.0,0,0.0,0.0,0,0,0,0.0,0,0,0.0,0.0,0,0,0.0,0.0,0,0,0,0.0,0.0,0,0.0,0.0,0.0,0,0.0,0.0
Fabian reporting from home jail! Hello   sugar sis and sugar bro.,Fabian Low,00:12:11,0,11,0,0,0,0.0,0.0,0,0.0,0,0.0,0.0,0,0,0,0.0,0,0,0.0,0.0,0,0,0.0,0.0,0,0,0,0.0,0.0,0,0.0,0.0,0.0,0,0.0,0.0
2 X FRANCE COD FL 400-500G/ PKT @$59.90 Comment FCF+1 below to join the Sale,OceanStar Seafood,00:12:20,1,15,0,0,$59.90  FCF+1,0.0,0.0,0,0.0,0,0.0,0.0,0,0,0,0.0,0,0,0.0,0.0,0,0,0.0,0.0,0,0,0,0.0,0.0,0,0.0,0.0,0.0,0,0.0,0.0
CRAZY DEAL!!! 2 X COD TAIL PORTION 1.0-1.2 KG/ PCS ( ST) @ $111.11 Comment PCT+1 below to join the Sale,OceanStar Seafood,00:12:28,1,21,0,0,0,0.0,0.0,0,0.0,0,0.0,0.0,0,0,0,0.0,0,0,0.0,0.0,0,0,0.0,0.0,0,0,0,0.0,0.0,0,0.0,0.0,0.0,0,0.0,0.0
Now i realise her nails still black black,Winnie Wu,00:12:51,0,8,0,0,0,0.0,0.0,0,0.0,0,0.0,0.0,0,0,0,0.0,0,0,0.0,0.0,0,0,0.0,0.0,0,0,0,0.0,0.0,0,0.0,0.0,0.0,0,0.0,0.0
BP+1,Ong Patsy,00:12:51,0,1,0,1,0,0.0,0.0,0,11.11,0,0.0,0.0,0,0,0,0.0,0,0,0.0,0.0,0,0,0.0,0.0,0,0,0,0.0,0.0,0,0.0,0.0,0.0,0,0.0,0.0
2 X BABY CHINESE POMFRET 450G+-/ PKT @$11.11 Comment BCP+1 below to join the Sale.,OceanStar Seafood,00:13:36,1,15,0,0,$11.11  BCP+1 ,0.0,0.0,0,0.0,0,0.0,0.0,0,0,0,0.0,0,0,0.0,0.0,0,0,0.0,0.0,0,0,0,0.0,0.0,0,0.0,0.0,0.0,0,0.0,0.0
MUST GRAB!!! 3 X WILD CAUGHT ANG KA 500G/ POR @$22.22 Comment WAK+1 below to join the Sale.,OceanStar Seafood,00:13:56,1,18,0,0,$22.22  WAK+1 ,0.0,0.0,0,0.0,0,0.0,0.0,0,0,0,0.0,0,0,0.0,0.0,0,0,0.0,0.0,0,0,0,0.0,0.0,0,0.0,0.0,0.0,0,0.0,0.0
Jsck daniel quietly watching  ,Winnie Wu,00:14:17,0,4,0,0,0,0.0,0.0,0,0.0,0,0.0,0.0,0,0,0,0.0,0,0,0.0,0.0,0,0,0.0,0.0,0,0,0,0.0,0.0,0,0.0,0.0,0.0,0,0.0,0.0
2 X BABY CHINESE POMFRET 450G+-/ PKT @$11.11 Comment BCP+1 below to join the Sale.,OceanStar Seafood,00:14:28,1,15,0,0,$11.11  BCP+1 ,0.0,0.0,0,0.0,0,0.0,0.0,0,0,0,0.0,0,0,0.0,0.0,0,0,0.0,0.0,0,0,0,0.0,0.0,0,0.0,0.0,0.0,0,0.0,0.0
Hello Miko,Bee Thin,00:14:39,0,2,0,0,0,0.0,0.0,0,0.0,0,0.0,0.0,0,0,0,0.0,0,0,0.0,0.0,0,0,0.0,0.0,0,0,0,0.0,0.0,0,0.0,0.0,0.0,0,0.0,0.0
BCP+1,Violet Yap,00:14:41,0,1,0,1,0,0.0,11.11,0,0.0,0,0.0,0.0,0,0,0,0.0,0,0,0.0,0.0,0,0,0.0,0.0,0,0,0,0.0,0.0,0,0.0,0.0,0.0,0,0.0,0.0
BALAI THREADFIN WHOLE 5.4-5.8 KG/ PCS @$111.10 Comment BTW111+1 below to join the Sale,OceanStar Seafood,00:15:18,1,14,0,0,$111.10  BTW111+1,0.0,0.0,0,0.0,0,0.0,0.0,0,0,0,0.0,0,0,0.0,0.0,0,0,0.0,0.0,0,0,0,0.0,0.0,0,0.0,0.0,0.0,0,0.0,0.0
Still   ,Winnie Wu,00:15:38,0,1,0,0,0,0.0,0.0,0,0.0,0,0.0,0.0,0,0,0,0.0,0,0,0.0,0.0,0,0,0.0,0.0,0,0,0,0.0,0.0,0,0.0,0.0,0.0,0,0.0,0.0
Bcp+1,Huay Geok  Ang,00:15:45,0,1,0,1,0,0.0,11.11,0,0.0,0,0.0,0.0,0,0,0,0.0,0,0,0.0,0.0,0,0,0.0,0.0,0,0,0,0.0,0.0,0,0.0,0.0,0.0,0,0.0,0.0
BCP+1,Chiang Kok Chin,00:15:56,0,1,0,1,0,0.0,11.11,0,0.0,0,0.0,0.0,0,0,0,0.0,0,0,0.0,0.0,0,0,0.0,0.0,0,0,0,0.0,0.0,0,0.0,0.0,0.0,0,0.0,0.0
Hello gd morning miko ,Jacqueline Hoe,00:16:11,0,4,0,0,0,0.0,0.0,0,0.0,0,0.0,0.0,0,0,0,0.0,0,0,0.0,0.0,0,0,0.0,0.0,0,0,0,0.0,0.0,0,0.0,0.0,0.0,0,0.0,0.0
2 X BABY CHINESE POMFRET 450G+-/ PKT @$11.11 Comment BCP+1 below to join the Sale.,OceanStar Seafood,00:16:22,1,15,0,0,$11.11  BCP+1 ,0.0,0.0,0,0.0,0,0.0,0.0,0,0,0,0.0,0,0,0.0,0.0,0,0,0.0,0.0,0,0,0,0.0,0.0,0,0.0,0.0,0.0,0,0.0,0.0
CRAZY DEAL!!! 2 X COD TAIL PORTION 1.0-1.2 KG/ PCS ( ST) @ $111.11 Comment PCT+1 below to join the Sale,OceanStar Seafood,00:16:38,1,21,0,0,0,0.0,0.0,0,0.0,0,0.0,0.0,0,0,0,0.0,0,0,0.0,0.0,0,0,0.0,0.0,0,0,0,0.0,0.0,0,0.0,0.0,0.0,0,0.0,0.0
Our generation cartoon  ,Jack Daniel,00:16:40,0,3,0,0,0,0.0,0.0,0,0.0,0,0.0,0.0,0,0,0,0.0,0,0,0.0,0.0,0,0,0.0,0.0,0,0,0,0.0,0.0,0,0.0,0.0,0.0,0,0.0,0.0
So nice the Ak,Jacqueline Hoe,00:17:00,0,4,0,0,0,0.0,0.0,0,0.0,0,0.0,0.0,0,0,0,0.0,0,0,0.0,0.0,0,0,0.0,0.0,0,0,0,0.0,0.0,0,0.0,0.0,0.0,0,0.0,0.0
2 X KUNNING 500G/ PKT @$11.11 Comment KN11+1 below to join the Sale.,OceanStar Seafood,00:17:29,1,13,0,0,$11.11  KN11+1 ,0.0,0.0,0,0.0,0,0.0,0.0,0,0,0,0.0,0,0,0.0,0.0,0,0,0.0,0.0,0,0,0,0.0,0.0,0,0.0,0.0,0.0,0,0.0,0.0
Wak+1,Lee San San,00:17:43,0,1,0,1,0,0.0,0.0,0,0.0,0,0.0,0.0,0,0,0,0.0,0,0,0.0,0.0,0,0,0.0,0.0,0,0,0,0.0,0.0,0,0.0,0.0,0.0,0,22.22,0.0
WAK+1,Ong Patsy,00:18:11,0,1,0,1,0,0.0,0.0,0,0.0,0,0.0,0.0,0,0,0,0.0,0,0,0.0,0.0,0,0,0.0,0.0,0,0,0,0.0,0.0,0,0.0,0.0,0.0,0,22.22,0.0
MUST GRAB!!! 3 X WILD CAUGHT ANG KA 500G/ POR @$22.22 Comment WAK+1 below to join the Sale.,OceanStar Seafood,00:18:22,1,18,0,0,$22.22  WAK+1 ,0.0,0.0,0,0.0,0,0.0,0.0,0,0,0,0.0,0,0,0.0,0.0,0,0,0.0,0.0,0,0,0,0.0,0.0,0,0.0,0.0,0.0,0,0.0,0.0
2 X KUNNING 500G/ PKT @$11.11 Comment KN11+1 below to join the Sale.,OceanStar Seafood,00:18:31,1,13,0,0,$11.11  KN11+1 ,0.0,0.0,0,0.0,0,0.0,0.0,0,0,0,0.0,0,0,0.0,0.0,0,0,0.0,0.0,0,0,0,0.0,0.0,0,0.0,0.0,0.0,0,0.0,0.0
KN11+1,Huay Geok  Ang,00:18:45,0,1,0,1,0,0.0,0.0,0,0.0,0,0.0,0.0,0,0,0,0.0,0,0,11.11,0.0,0,0,0.0,0.0,0,0,0,0.0,0.0,0,0.0,0.0,0.0,0,0.0,0.0
KN11+1,Chiang Kok Chin,00:18:53,0,1,0,1,0,0.0,0.0,0,0.0,0,0.0,0.0,0,0,0,0.0,0,0,11.11,0.0,0,0,0.0,0.0,0,0,0,0.0,0.0,0,0.0,0.0,0.0,0,0.0,0.0
2 X BABY CHINESE POMFRET 450G+-/ PKT @$11.11 Comment BCP+1 below to join the Sale.,OceanStar Seafood,00:18:55,1,15,0,0,$11.11  BCP+1 ,0.0,0.0,0,0.0,0,0.0,0.0,0,0,0,0.0,0,0,0.0,0.0,0,0,0.0,0.0,0,0,0,0.0,0.0,0,0.0,0.0,0.0,0,0.0,0.0
KN11+1,Ivy Ng Lee Cheng,00:19:10,0,1,0,1,0,0.0,0.0,0,0.0,0,0.0,0.0,0,0,0,0.0,0,0,11.11,0.0,0,0,0.0,0.0,0,0,0,0.0,0.0,0,0.0,0.0,0.0,0,0.0,0.0
LAST 2 PCS!!! CHINESE POMFRRET 800-900G/ PCS @$32.00 Comment CP32+1 below to join the Sale,OceanStar Seafood,00:19:14,1,15,0,0,$32.00  CP32+1,0.0,0.0,0,0.0,0,0.0,0.0,0,0,0,0.0,0,0,0.0,0.0,0,0,0.0,0.0,0,0,0,0.0,0.0,0,0.0,0.0,0.0,0,0.0,0.0
CRAZY DEAL!!! 2 X COD TAIL PORTION 1.0-1.2 KG/ PCS ( ST) @ $111.11 Comment PCT+1 below to join the Sale,OceanStar Seafood,00:19:41,1,21,0,0,0,0.0,0.0,0,0.0,0,0.0,0.0,0,0,0,0.0,0,0,0.0,0.0,0,0,0.0,0.0,0,0,0,0.0,0.0,0,0.0,0.0,0.0,0,0.0,0.0
LAST 2 PCS!!! TUAPAN TAIL PORTION 1.1-1.2 KG/ PCS @$22.22 Comment TPT22+1 below to join the Sale,OceanStar Seafood,00:21:15,1,17,0,0,$22.22  TPT22+1,0.0,0.0,0,0.0,0,0.0,0.0,0,0,0,0.0,0,0,0.0,0.0,0,0,0.0,0.0,0,0,0,0.0,0.0,0,0.0,0.0,0.0,0,0.0,0.0
Hmm tuapan ,Jack Daniel,00:21:24,0,2,0,0,0,0.0,0.0,0,0.0,0,0.0,0.0,0,0,0,0.0,0,0,0.0,0.0,0,0,0.0,0.0,0,0,0,0.0,0.0,0,0.0,0.0,0.0,0,0.0,0.0
LAST 2 PCS!!! TUAPAN TAIL PORTION 1.1-1.2 KG/ PCS @$22.22 Comment TPT22+1 below to join the Sale,OceanStar Seafood,00:22:01,1,17,0,0,$22.22  TPT22+1,0.0,0.0,0,0.0,0,0.0,0.0,0,0,0,0.0,0,0,0.0,0.0,0,0,0.0,0.0,0,0,0,0.0,0.0,0,0.0,0.0,0.0,0,0.0,0.0
PCT+1,Joanna Ee,00:22:07,0,1,0,1,0,0.0,0.0,0,0.0,0,0.0,0.0,0,0,0,0.0,0,0,0.0,0.0,0,0,0.0,0.0,0,0,0,0.0,0.0,0,0.0,0.0,0.0,0,0.0,0.0
TPT22+1,Chiang Kok Chin,00:22:11,0,1,0,1,0,0.0,0.0,0,0.0,0,0.0,0.0,0,0,0,0.0,0,0,0.0,0.0,0,0,0.0,0.0,0,0,0,0.0,0.0,0,0.0,0.0,22.22,0,0.0,0.0
 TPT22+1,Ivy Ng Lee Cheng,00:22:24,0,1,0,1,0,0.0,0.0,0,0.0,0,0.0,0.0,0,0,0,0.0,0,0,0.0,0.0,0,0,0.0,0.0,0,0,0,0.0,0.0,0,0.0,0.0,22.22,0,0.0,0.0
TPT22+1,Huay Geok  Ang,00:22:26,0,1,0,1,0,0.0,0.0,0,0.0,0,0.0,0.0,0,0,0,0.0,0,0,0.0,0.0,0,0,0.0,0.0,0,0,0,0.0,0.0,0,0.0,0.0,22.22,0,0.0,0.0
LOCAL CATCH THREADFIN 1.3-1.6 KG/ PCS @$33.30 Comment LCT33+1 below to join the Sale,OceanStar Seafood,00:22:59,1,14,0,0,$33.30  LCT33+1,0.0,0.0,0,0.0,0,0.0,0.0,0,0,0,0.0,0,0,0.0,0.0,0,0,0.0,0.0,0,0,0,0.0,0.0,0,0.0,0.0,0.0,0,0.0,0.0
RED EMPEROR SNAPPER 1.2-1.5 KG/ PCS @ $22.90 Comment RES229+1 below to join the Sale,OceanStar Seafood,00:23:50,1,15,0,0,0,0.0,0.0,0,0.0,0,0.0,0.0,0,0,0,0.0,0,0,0.0,0.0,0,0,0.0,0.0,0,0,0,0.0,0.0,0,0.0,0.0,0.0,0,0.0,0.0
WILD GROUPER WHOLE 2.2-2.5 KG/ PCS @$39.90 Comment WG399+1 below to join the Sale,OceanStar Seafood,00:25:11,1,14,0,0,$39.90  WG399+1,0.0,0.0,0,0.0,0,0.0,0.0,0,0,0,0.0,0,0,0.0,0.0,0,0,0.0,0.0,0,0,0,0.0,0.0,0,0.0,0.0,0.0,0,0.0,0.0
2 X ANG KO LI WHOLE 1.3-1.6 KG/ PCS @ $29.90 Comment AKL299+1 below to join the Sale,OceanStar Seafood,00:25:51,1,18,0,0,0,0.0,0.0,0,0.0,0,0.0,0.0,0,0,0,0.0,0,0,0.0,0.0,0,0,0.0,0.0,0,0,0,0.0,0.0,0,0.0,0.0,0.0,0,0.0,0.0
3 X MUAR OTAK / PKT @$11.11 Comment OTAK+1 below to join the Sale,OceanStar Seafood,00:26:41,1,14,0,0,$11.11  OTAK+1,0.0,0.0,0,0.0,0,0.0,0.0,0,0,0,0.0,0,0,0.0,0.0,0,0,0.0,0.0,0,0,0,0.0,0.0,0,0.0,0.0,0.0,0,0.0,0.0
Weight of mud crab,Cjwee Surin,00:26:59,0,4,0,0,0,0.0,0.0,0,0.0,0,0.0,0.0,0,0,0,0.0,0,0,0.0,0.0,0,0,0.0,0.0,0,0,0,0.0,0.0,0,0.0,0.0,0.0,0,0.0,0.0
Ok. Thank u,Cjwee Surin,00:27:34,0,3,0,0,0,0.0,0.0,0,0.0,0,0.0,0.0,0,0,0,0.0,0,0,0.0,0.0,0,0,0.0,0.0,0,0,0,0.0,0.0,0,0.0,0.0,0.0,0,0.0,0.0
2 x BATANG SOUP SLICED 300G/ PKT @$22.22 Comment BSS+1 below to join the Sale,OceanStar Seafood,00:28:16,1,15,0,0,$22.22  BSS+1,0.0,0.0,0,0.0,0,0.0,0.0,0,0,0,0.0,0,0,0.0,0.0,0,0,0.0,0.0,0,0,0,0.0,0.0,0,0.0,0.0,0.0,0,0.0,0.0
LCT33+1,Debbie Chng,00:28:41,0,1,0,1,0,0.0,0.0,0,0.0,0,0.0,0.0,0,0,0,0.0,0,0,0.0,33.3,0,0,0.0,0.0,0,0,0,0.0,0.0,0,0.0,0.0,0.0,0,0.0,0.0
OTAK+1,Ivy Ng Lee Cheng,00:29:05,0,1,0,1,0,0.0,0.0,0,0.0,0,0.0,0.0,0,0,0,0.0,0,0,0.0,0.0,0,0,0.0,11.11,0,0,0,0.0,0.0,0,0.0,0.0,0.0,0,0.0,0.0
2 X ANG KO LI WHOLE 1.3-1.6 KG/ PCS @ $29.90 Comment AKL299+1 below to join the Sale,OceanStar Seafood,00:29:14,1,18,0,0,0,0.0,0.0,0,0.0,0,0.0,0.0,0,0,0,0.0,0,0,0.0,0.0,0,0,0.0,0.0,0,0,0,0.0,0.0,0,0.0,0.0,0.0,0,0.0,0.0
AKL buck kim kim oh so fresh ,Jack Daniel,00:29:48,0,7,0,0,0,0.0,0.0,0,0.0,0,0.0,0.0,0,0,0,0.0,0,0,0.0,0.0,0,0,0.0,0.0,0,0,0,0.0,0.0,0,0.0,0.0,0.0,0,0.0,0.0
Cai buay is what code?,Fabian Low,00:30:03,0,5,0,0,0,0.0,0.0,0,0.0,0,0.0,0.0,0,0,0,0.0,0,0,0.0,0.0,0,0,0.0,0.0,0,0,0,0.0,0.0,0,0.0,0.0,0.0,0,0.0,0.0
Nostock+1,Fabian Low,00:30:28,0,1,0,1,0,0.0,0.0,0,0.0,0,0.0,0.0,0,0,0,0.0,0,0,0.0,0.0,0,0,0.0,0.0,0,0,0,0.0,0.0,0,0.0,0.0,0.0,0,0.0,0.0
Sui sui,Fabian Low,00:30:32,0,2,0,0,0,0.0,0.0,0,0.0,0,0.0,0.0,0,0,0,0.0,0,0,0.0,0.0,0,0,0.0,0.0,0,0,0,0.0,0.0,0,0.0,0.0,0.0,0,0.0,0.0
BRAISED MEI CAI / PORTION @ $ 8.90 Comment BMC+1 below to join the Sale,OceanStar Seafood,00:30:47,1,15,0,0,0,0.0,0.0,0,0.0,0,0.0,0.0,0,0,0,0.0,0,0,0.0,0.0,0,0,0.0,0.0,0,0,0,0.0,0.0,0,0.0,0.0,0.0,0,0.0,0.0
Waitlonglong+1,Fabian Low,00:30:49,0,1,0,1,0,0.0,0.0,0,0.0,0,0.0,0.0,0,0,0,0.0,0,0,0.0,0.0,0,0,0.0,0.0,0,0,0,0.0,0.0,0,0.0,0.0,0.0,0,0.0,0.0
ZAI ER / PORTION @ $4.90 Comment ER+1 below to join the Sale.,OceanStar Seafood,00:31:39,1,13,0,0,0,0.0,0.0,0,0.0,0,0.0,0.0,0,0,0,0.0,0,0,0.0,0.0,0,0,0.0,0.0,0,0,0,0.0,0.0,0,0.0,0.0,0.0,0,0.0,0.0
KONG BAK PAO 4 PCS / PKT @$ 5.90 Comment KBP+1 below to join the Sale,OceanStar Seafood,00:32:12,1,16,0,0,$ 5.90  KBP+1,0.0,0.0,0,0.0,0,0.0,0.0,0,0,0,0.0,0,0,0.0,0.0,0,0,0.0,0.0,0,0,0,0.0,0.0,0,0.0,0.0,0.0,0,0.0,0.0
Can see the zai er?,Sherlyn Khoo,00:32:18,0,5,0,0,0,0.0,0.0,0,0.0,0,0.0,0.0,0,0,0,0.0,0,0,0.0,0.0,0,0,0.0,0.0,0,0,0,0.0,0.0,0,0.0,0.0,0.0,0,0.0,0.0
KBP+1,Violet Yap,00:32:35,0,1,0,1,0,0.0,0.0,0,0.0,0,0.0,0.0,0,0,0,0.0,0,0,0.0,0.0,0,0,0.0,0.0,0,0,0,0.0,0.0,0,0.0,0.0,0.0,0,0.0,0.0
ZAI ER / PORTION @ $4.90 Comment ER+1 below to join the Sale,OceanStar Seafood,00:32:58,1,13,0,0,0,0.0,0.0,0,0.0,0,0.0,0.0,0,0,0,0.0,0,0,0.0,0.0,0,0,0.0,0.0,0,0,0,0.0,0.0,0,0.0,0.0,0.0,0,0.0,0.0
HOME MADE ACHAR 370G/ PKT @$6.90 Comment ACHAR+1 below to join the Sale,OceanStar Seafood,00:33:08,1,13,0,0,$6.90  ACHAR+1,0.0,0.0,0,0.0,0,0.0,0.0,0,0,0,0.0,0,0,0.0,0.0,0,0,0.0,0.0,0,0,0,0.0,0.0,0,0.0,0.0,0.0,0,0.0,0.0
KONG BAK PAO 4 PCS / PKT @$ 5.90 Comment KBP+1 below to join the Sale,OceanStar Seafood,00:33:18,1,16,0,0,$ 5.90  KBP+1,0.0,0.0,0,0.0,0,0.0,0.0,0,0,0,0.0,0,0,0.0,0.0,0,0,0.0,0.0,0,0,0,0.0,0.0,0,0.0,0.0,0.0,0,0.0,0.0
2 X RAW IKAN BILIS 400G/ PKT @ $8.90 Comment FIB+1 below to join the Sale,OceanStar Seafood,00:33:29,1,16,0,0,0,0.0,0.0,0,0.0,0,0.0,0.0,0,0,0,0.0,0,0,0.0,0.0,0,0,0.0,0.0,0,0,0,0.0,0.0,0,0.0,0.0,0.0,0,0.0,0.0
KBP+1,Ong Patsy,00:33:32,0,1,0,1,0,0.0,0.0,0,0.0,0,0.0,0.0,0,0,0,0.0,0,0,0.0,0.0,0,0,0.0,0.0,0,0,0,0.0,0.0,0,0.0,0.0,0.0,0,0.0,0.0
Archar  ,Jack Daniel,00:33:35,0,1,0,0,0,0.0,0.0,0,0.0,0,0.0,0.0,0,0,0,0.0,0,0,0.0,0.0,0,0,0.0,0.0,0,0,0,0.0,0.0,0,0.0,0.0,0.0,0,0.0,0.0
CRAZY DEAL!!!! 2 X COD TAIL PORTION 1.0-1.2 KG/ PCS ( ST) @ $111.11 Comment PCT+1 below to join the Sale,OceanStar Seafood,00:33:58,1,21,0,0,0,0.0,0.0,0,0.0,0,0.0,0.0,0,0,0,0.0,0,0,0.0,0.0,0,0,0.0,0.0,0,0,0,0.0,0.0,0,0.0,0.0,0.0,0,0.0,0.0
SUPER SALES!!! 3 X MUAR OTAK / PKT @$11.11 Comment OTAK+1 below to join the Sale,OceanStar Seafood,00:34:18,1,16,0,0,$11.11  OTAK+1,0.0,0.0,0,0.0,0,0.0,0.0,0,0,0,0.0,0,0,0.0,0.0,0,0,0.0,0.0,0,0,0,0.0,0.0,0,0.0,0.0,0.0,0,0.0,0.0
ACHAR+1,Ong Patsy,00:34:32,0,1,0,1,0,6.9,0.0,0,0.0,0,0.0,0.0,0,0,0,0.0,0,0,0.0,0.0,0,0,0.0,0.0,0,0,0,0.0,0.0,0,0.0,0.0,0.0,0,0.0,0.0
2 X RAW IKAN BILIS 400G/ PKT @ $8.90 Comment FIB+1 below to join the Sale,OceanStar Seafood,00:34:35,1,16,0,0,0,0.0,0.0,0,0.0,0,0.0,0.0,0,0,0,0.0,0,0,0.0,0.0,0,0,0.0,0.0,0,0,0,0.0,0.0,0,0.0,0.0,0.0,0,0.0,0.0
Hello  . ,Tricia Avocado Chan,00:34:41,0,2,0,0,0,0.0,0.0,0,0.0,0,0.0,0.0,0,0,0,0.0,0,0,0.0,0.0,0,0,0.0,0.0,0,0,0,0.0,0.0,0,0.0,0.0,0.0,0,0.0,0.0
I think the ikan bilis can coat with those pre-mix ayam goreng flour. Then go deep fry. Shud be nice.,Fabian Low,00:35:08,0,20,0,0,0,0.0,0.0,0,0.0,0,0.0,0.0,0,0,0,0.0,0,0,0.0,0.0,0,0,0.0,0.0,0,0,0,0.0,0.0,0,0.0,0.0,0.0,0,0.0,0.0
Bmc+2,Winnie Wu,00:35:17,0,1,0,2,0,0.0,0.0,0,0.0,0,0.0,0.0,0,0,0,0.0,0,0,0.0,0.0,0,0,0.0,0.0,0,0,0,0.0,0.0,0,0.0,0.0,0.0,0,0.0,0.0
2 X RAW IKAN BILIS 400G/ PKT @ $8.90 Comment FIB+1 below to join the Sale,OceanStar Seafood,00:35:49,1,16,0,0,0,0.0,0.0,0,0.0,0,0.0,0.0,0,0,0,0.0,0,0,0.0,0.0,0,0,0.0,0.0,0,0,0,0.0,0.0,0,0.0,0.0,0.0,0,0.0,0.0
Batang whole?,Winnie Wu,00:35:54,0,2,0,0,0,0.0,0.0,0,0.0,0,0.0,0.0,0,0,0,0.0,0,0,0.0,0.0,0,0,0.0,0.0,0,0,0,0.0,0.0,0,0.0,0.0,0.0,0,0.0,0.0
Have pork rib,Violet Yap,00:36:07,0,3,0,0,0,0.0,0.0,0,0.0,0,0.0,0.0,0,0,0,0.0,0,0,0.0,0.0,0,0,0.0,0.0,0,0,0,0.0,0.0,0,0.0,0.0,0.0,0,0.0,0.0
2 X BATANG WHOLE 2.7-2.9 KG / PCS @ $78.00 Comment BT78+1 below to join the Sale.,OceanStar Seafood,00:36:09,1,17,0,0,0,0.0,0.0,0,0.0,0,0.0,0.0,0,0,0,0.0,0,0,0.0,0.0,0,0,0.0,0.0,0,0,0,0.0,0.0,0,0.0,0.0,0.0,0,0.0,0.0
3 X IQF PRIME RIBS 500G+- / P @ $21.90 Comment PR+1 below to join the Sale,OceanStar Seafood,00:36:24,1,17,0,0,0,0.0,0.0,0,0.0,0,0.0,0.0,0,0,0,0.0,0,0,0.0,0.0,0,0,0.0,0.0,0,0,0,0.0,0.0,0,0.0,0.0,0.0,0,0.0,0.0
2 X IQF CHICKEN MID JOINT 450G+-/ P@ $9.90 Comment MJ+1 below to join the Sale,OceanStar Seafood,00:36:31,1,16,0,0,0,0.0,0.0,0,0.0,0,0.0,0.0,0,0,0,0.0,0,0,0.0,0.0,0,0,0.0,0.0,0,0,0,0.0,0.0,0,0.0,0.0,0.0,0,0.0,0.0
PR+1,Violet Yap,00:36:40,0,1,0,1,0,0.0,0.0,0,0.0,0,0.0,0.0,0,0,0,0.0,0,0,0.0,0.0,0,0,0.0,0.0,0,0,0,0.0,0.0,0,0.0,0.0,0.0,0,0.0,0.0
3 X IQF CHICKEN CUBE 300G /PKT@ $9.90 Comment CTM+1 below to join the Sale,OceanStar Seafood,00:36:48,1,15,0,0,0,0.0,0.0,0,0.0,0,0.0,0.0,0,0,0,0.0,0,0,0.0,0.0,0,0,0.0,0.0,0,0,0,0.0,0.0,0,0.0,0.0,0.0,0,0.0,0.0
Bt78+1 mj+1,Winnie Wu,00:37:00,0,2,0,1,0,0.0,0.0,0,0.0,0,0.0,0.0,0,0,0,0.0,0,0,0.0,0.0,0,0,0.0,0.0,0,0,0,0.0,0.0,0,0.0,0.0,0.0,0,0.0,0.0
LAST 2 SET!!! 2 X KASU RABBIT FISH 500G+-/PKT @ $11.11 Comment RB11+1 below to join the Sale,OceanStar Seafood,00:37:32,1,18,0,0,0,0.0,0.0,0,0.0,0,0.0,0.0,0,0,0,0.0,0,0,0.0,0.0,0,0,0.0,0.0,0,0,0,0.0,0.0,0,0.0,0.0,0.0,0,0.0,0.0
No mj notification,Winnie Wu,00:37:55,0,3,0,0,0,0.0,0.0,0,0.0,0,0.0,0.0,0,0,0,0.0,0,0,0.0,0.0,0,0,0.0,0.0,0,0,0,0.0,0.0,0,0.0,0.0,0.0,0,0.0,0.0
Wow cool,Winnie Wu,00:38:25,0,2,0,0,0,0.0,0.0,0,0.0,0,0.0,0.0,0,0,0,0.0,0,0,0.0,0.0,0,0,0.0,0.0,0,0,0,0.0,0.0,0,0.0,0.0,0.0,0,0.0,0.0
MAX 5 PCS / ACC SALMON TROUT FILLET 300-350G/ PCS @$8.80 ( PWP ) Comment STF+1 below to join the Sale.,OceanStar Seafood,00:39:20,1,21,0,0,$8.80 ( PWP )  STF+1 ,0.0,0.0,0,0.0,0,0.0,0.0,0,0,0,0.0,0,0,0.0,0.0,0,0,0.0,0.0,0,0,0,0.0,0.0,0,0.0,0.0,0.0,0,0.0,0.0
I eat 3 days   tonight fry sambal udang,Jack Daniel,00:39:35,0,8,0,0,0,0.0,0.0,0,0.0,0,0.0,0.0,0,0,0,0.0,0,0,0.0,0.0,0,0,0.0,0.0,0,0,0,0.0,0.0,0,0.0,0.0,0.0,0,0.0,0.0
STF+1,Ivy Gin,00:39:51,0,1,0,1,0,0.0,0.0,0,0.0,0,0.0,0.0,0,0,0,0.0,0,0,0.0,0.0,0,0,0.0,0.0,0,0,0,0.0,0.0,0,0.0,8.8,0.0,0,0.0,0.0
STF+1,Clarissa Neo,00:40:29,0,1,0,1,0,0.0,0.0,0,0.0,0,0.0,0.0,0,0,0,0.0,0,0,0.0,0.0,0,0,0.0,0.0,0,0,0,0.0,0.0,0,0.0,8.8,0.0,0,0.0,0.0
STF+2,Ong Patsy,00:40:38,0,1,0,2,0,0.0,0.0,0,0.0,0,0.0,0.0,0,0,0,0.0,0,0,0.0,0.0,0,0,0.0,0.0,0,0,0,0.0,0.0,0,0.0,8.8,0.0,0,0.0,0.0
RED GROUPER WHOLE 1.1-1.3KG / PCS @ $38.00 Comment RG38+1 below to join the Sale,OceanStar Seafood,00:40:46,1,15,0,0,0,0.0,0.0,0,0.0,0,0.0,0.0,0,0,0,0.0,0,0,0.0,0.0,0,0,0.0,0.0,0,0,0,0.0,0.0,0,0.0,0.0,0.0,0,0.0,0.0
RED GROUPER WHOLE 1.7-1.9 KG/ PCS @$68.00 Comment RG68+1 below to join the Sale,OceanStar Seafood,00:40:55,1,14,0,0,$68.00  RG68+1,0.0,0.0,0,0.0,0,0.0,0.0,0,0,0,0.0,0,0,0.0,0.0,0,0,0.0,0.0,0,0,0,0.0,0.0,0,0.0,0.0,0.0,0,0.0,0.0
STF+2,Ivy Ng Lee Cheng,00:40:58,0,1,0,2,0,0.0,0.0,0,0.0,0,0.0,0.0,0,0,0,0.0,0,0,0.0,0.0,0,0,0.0,0.0,0,0,0,0.0,0.0,0,0.0,8.8,0.0,0,0.0,0.0
Scf+3,Huay Geok  Ang,00:41:05,0,1,0,3,0,0.0,0.0,0,0.0,0,0.0,0.0,0,0,0,0.0,0,0,0.0,0.0,0,0,0.0,0.0,0,0,0,0.0,0.0,0,0.0,0.0,0.0,0,0.0,0.0
LOCAL CATCH THREADFIN 1.3-1.6 KG/ PCS @$33.30 Comment LCT33+1 below to join the Sale,OceanStar Seafood,00:41:10,1,14,0,0,$33.30  LCT33+1,0.0,0.0,0,0.0,0,0.0,0.0,0,0,0,0.0,0,0,0.0,0.0,0,0,0.0,0.0,0,0,0,0.0,0.0,0,0.0,0.0,0.0,0,0.0,0.0
What is the code for PWP Red Grouper soup slice,Clarissa Neo,00:41:23,0,10,0,0,0,0.0,0.0,0,0.0,0,0.0,0.0,0,0,0,0.0,0,0,0.0,0.0,0,0,0.0,0.0,0,0,0,0.0,0.0,0,0.0,0.0,0.0,0,0.0,0.0
Comment STF+1 below to join the Sale.,OceanStar Seafood,00:41:27,1,7,0,0,0,0.0,0.0,0,0.0,0,0.0,0.0,0,0,0,0.0,0,0,0.0,0.0,0,0,0.0,0.0,0,0,0,0.0,0.0,0,0.0,0.0,0.0,0,0.0,0.0
achar+1,Ivy Gin,00:41:37,0,1,0,1,0,6.9,0.0,0,0.0,0,0.0,0.0,0,0,0,0.0,0,0,0.0,0.0,0,0,0.0,0.0,0,0,0,0.0,0.0,0,0.0,0.0,0.0,0,0.0,0.0
MAX 5 PKT/ ACC RED GROUPER SOUP SLICED 300G/ PKT @$11.11 ( PWP ) Comment RGSS+1 below to join the Sale,OceanStar Seafood,00:41:44,1,21,0,0,$11.11 ( PWP )  RGSS+1,0.0,0.0,0,0.0,0,0.0,0.0,0,0,0,0.0,0,0,0.0,0.0,0,0,0.0,0.0,0,0,0,0.0,0.0,0,0.0,0.0,0.0,0,0.0,0.0
" , if salmon fillet no pwp how much ah?",Tricia Avocado Chan,00:42:01,0,9,0,0,0,0.0,0.0,0,0.0,0,0.0,0.0,0,0,0,0.0,0,0,0.0,0.0,0,0,0.0,0.0,0,0,0,0.0,0.0,0,0.0,0.0,0.0,0,0.0,0.0
RGSS+1,Violet Yap,00:42:08,0,1,0,1,0,0.0,0.0,0,0.0,0,0.0,0.0,0,0,0,0.0,0,0,0.0,0.0,0,0,0.0,0.0,0,0,0,11.11,0.0,0,0.0,0.0,0.0,0,0.0,0.0
RGSS+2,Clarissa Neo,00:42:26,0,1,0,2,0,0.0,0.0,0,0.0,0,0.0,0.0,0,0,0,0.0,0,0,0.0,0.0,0,0,0.0,0.0,0,0,0,11.11,0.0,0,0.0,0.0,0.0,0,0.0,0.0
MAX 5 PKT/ ACC RED GROUPER SOUP SLICED 300G/ PKT @$11.11 ( PWP ) Comment RGSS+1 below to join the Sale,OceanStar Seafood,00:42:35,1,21,0,0,$11.11 ( PWP )  RGSS+1,0.0,0.0,0,0.0,0,0.0,0.0,0,0,0,0.0,0,0,0.0,0.0,0,0,0.0,0.0,0,0,0,0.0,0.0,0,0.0,0.0,0.0,0,0.0,0.0
Got code??,Tricia Avocado Chan,00:42:35,0,2,0,0,0,0.0,0.0,0,0.0,0,0.0,0.0,0,0,0,0.0,0,0,0.0,0.0,0,0,0.0,0.0,0,0,0,0.0,0.0,0,0.0,0.0,0.0,0,0.0,0.0
Ya  3 pieces my love ,Tricia Avocado Chan,00:43:03,0,5,0,0,0,0.0,0.0,0,0.0,0,0.0,0.0,0,0,0,0.0,0,0,0.0,0.0,0,0,0.0,0.0,0,0,0,0.0,0.0,0,0.0,0.0,0.0,0,0.0,0.0
ScF+3,Huay Geok  Ang,00:43:54,0,1,0,3,0,0.0,0.0,0,0.0,0,0.0,0.0,0,0,0,0.0,0,0,0.0,0.0,0,0,0.0,0.0,0,0,0,0.0,0.0,0,0.0,0.0,0.0,0,0.0,0.0
This cod is a good deal leh,Jack Daniel,00:44:00,0,7,0,0,0,0.0,0.0,0,0.0,0,0.0,0.0,0,0,0,0.0,0,0,0.0,0.0,0,0,0.0,0.0,0,0,0,0.0,0.0,0,0.0,0.0,0.0,0,0.0,0.0
CRAZY DEAL!!! 2 X COD TAIL PORTION 1.0-1.2 KG/ PCS ( ST) @ $111.11 Comment PCT+1 below to join the Sale,OceanStar Seafood,00:44:12,1,21,0,0,0,0.0,0.0,0,0.0,0,0.0,0.0,0,0,0,0.0,0,0,0.0,0.0,0,0,0.0,0.0,0,0,0,0.0,0.0,0,0.0,0.0,0.0,0,0.0,0.0
My belacan lei  my   ,Tricia Avocado Chan,00:44:53,0,4,0,0,0,0.0,0.0,0,0.0,0,0.0,0.0,0,0,0,0.0,0,0,0.0,0.0,0,0,0.0,0.0,0,0,0,0.0,0.0,0,0.0,0.0,0.0,0,0.0,0.0
3 X WILD BARRA FL 180-250G/ PCS @$11.11 Comment WBF+1 below to join the Sale.,OceanStar Seafood,00:45:06,1,15,0,0,$11.11  WBF+1 ,0.0,0.0,0,0.0,0,0.0,0.0,0,0,0,0.0,0,0,0.0,0.0,0,0,0.0,0.0,0,0,0,0.0,0.0,0,0.0,0.0,0.0,0,0.0,0.0
U always cheat my feeling but I still love u so much  ,Tricia Avocado Chan,00:45:36,0,12,0,0,0,0.0,0.0,0,0.0,0,0.0,0.0,0,0,0,0.0,0,0,0.0,0.0,0,0,0.0,0.0,0,0,0,0.0,0.0,0,0.0,0.0,0.0,0,0.0,0.0
PREMIUM GRADE SALMON 2.2-2.4 KG/ PCS @58.80 Comment SS588+1 below to join the Sale,OceanStar Seafood,00:45:48,1,14,0,0,0,0.0,0.0,0,0.0,0,0.0,0.0,0,0,0,0.0,0,0,0.0,0.0,0,0,0.0,0.0,0,0,0,0.0,0.0,0,0.0,0.0,0.0,0,0.0,0.0
3 X FLOWER GROUPER 250-350G/ PCS @$11.11  Comment FG+1 below to join the Sale,OceanStar Seafood,00:46:06,1,14,0,0,$11.11   FG+1,0.0,0.0,0,0.0,0,0.0,0.0,0,0,0,0.0,0,0,0.0,0.0,0,0,0.0,0.0,0,0,0,0.0,0.0,0,0.0,0.0,0.0,0,0.0,0.0
Miko ms aunty confinement how long?,Winnie Wu,00:46:13,0,6,0,0,0,0.0,0.0,0,0.0,0,0.0,0.0,0,0,0,0.0,0,0,0.0,0.0,0,0,0.0,0.0,0,0,0,0.0,0.0,0,0.0,0.0,0.0,0,0.0,0.0
Wbf+1,Lee San San,00:46:13,0,1,0,1,0,0.0,0.0,0,0.0,0,0.0,0.0,0,0,0,0.0,0,0,0.0,0.0,0,0,0.0,0.0,0,0,0,0.0,0.0,0,0.0,0.0,0.0,0,0.0,11.11
LAST 2 SET!!! 2 X KASU RABBIT FISH 500G+-/PKT @ $11.11 Comment RB11+1 below to join the Sale,OceanStar Seafood,00:47:15,1,18,0,0,0,0.0,0.0,0,0.0,0,0.0,0.0,0,0,0,0.0,0,0,0.0,0.0,0,0,0.0,0.0,0,0,0,0.0,0.0,0,0.0,0.0,0.0,0,0.0,0.0
Looking forward for that meesiam  ,Jack Daniel,00:47:15,0,5,0,0,0,0.0,0.0,0,0.0,0,0.0,0.0,0,0,0,0.0,0,0,0.0,0.0,0,0,0.0,0.0,0,0,0,0.0,0.0,0,0.0,0.0,0.0,0,0.0,0.0
Can show flower grouper ,Catherine Lim,00:47:21,0,4,0,0,0,0.0,0.0,0,0.0,0,0.0,0.0,0,0,0,0.0,0,0,0.0,0.0,0,0,0.0,0.0,0,0,0,0.0,0.0,0,0.0,0.0,0.0,0,0.0,0.0
MUST GRAB!!! 3 X FLOWER GROUPER 250-350G/ PCS @$11.11  Comment FG+1 below to join the Sale,OceanStar Seafood,00:47:30,1,16,0,0,$11.11   FG+1,0.0,0.0,0,0.0,0,0.0,0.0,0,0,0,0.0,0,0,0.0,0.0,0,0,0.0,0.0,0,0,0,0.0,0.0,0,0.0,0.0,0.0,0,0.0,0.0
LNS done gd morning all ppl ,Patrick Ong,00:47:51,0,6,1,0,0,0.0,0.0,0,0.0,0,0.0,0.0,0,0,0,0.0,0,0,0.0,0.0,0,0,0.0,0.0,0,0,0,0.0,0.0,0,0.0,0.0,0.0,0,0.0,0.0
share liao share liao ,Patrick Ong,00:47:59,0,4,0,0,0,0.0,0.0,0,0.0,0,0.0,0.0,0,0,0,0.0,0,0,0.0,0.0,0,0,0.0,0.0,0,0,0,0.0,0.0,0,0.0,0.0,0.0,0,0.0,0.0
Got ah sen clam soup? ,Tricia Avocado Chan,00:48:02,0,5,0,0,0,0.0,0.0,0,0.0,0,0.0,0.0,0,0,0,0.0,0,0,0.0,0.0,0,0,0.0,0.0,0,0,0,0.0,0.0,0,0.0,0.0,0.0,0,0.0,0.0
Is it the black color fish ,Catherine Lim,00:48:03,0,6,0,0,0,0.0,0.0,0,0.0,0,0.0,0.0,0,0,0,0.0,0,0,0.0,0.0,0,0,0.0,0.0,0,0,0,0.0,0.0,0,0.0,0.0,0.0,0,0.0,0.0
2 X BABY THREADFIN 300-400G / PCS @ $11.11 Comment BBT+1 below to join the Sale,OceanStar Seafood,00:48:09,1,16,0,0,0,0.0,0.0,0,0.0,0,0.0,0.0,0,0,0,0.0,0,0,0.0,0.0,0,0,0.0,0.0,0,0,0,0.0,0.0,0,0.0,0.0,0.0,0,0.0,0.0
Need work ,Patrick Ong,00:48:17,0,2,0,0,0,0.0,0.0,0,0.0,0,0.0,0.0,0,0,0,0.0,0,0,0.0,0.0,0,0,0.0,0.0,0,0,0,0.0,0.0,0,0.0,0.0,0.0,0,0.0,0.0
Aiyo  sad die me . ,Tricia Avocado Chan,00:48:39,0,5,0,0,0,0.0,0.0,0,0.0,0,0.0,0.0,0,0,0,0.0,0,0,0.0,0.0,0,0,0.0,0.0,0,0,0,0.0,0.0,0,0.0,0.0,0.0,0,0.0,0.0
FG+1,Catherine Lim,00:48:51,0,1,0,1,0,0.0,0.0,0,0.0,0,0.0,0.0,0,0,0,11.11,0,0,0.0,0.0,0,0,0.0,0.0,0,0,0,0.0,0.0,0,0.0,0.0,0.0,0,0.0,0.0
Got crimson snapper ,Catherine Lim,00:49:19,0,3,0,0,0,0.0,0.0,0,0.0,0,0.0,0.0,0,0,0,0.0,0,0,0.0,0.0,0,0,0.0,0.0,0,0,0,0.0,0.0,0,0.0,0.0,0.0,0,0.0,0.0
Wbf+1,Huay Geok  Ang,00:49:47,0,1,0,1,0,0.0,0.0,0,0.0,0,0.0,0.0,0,0,0,0.0,0,0,0.0,0.0,0,0,0.0,0.0,0,0,0,0.0,0.0,0,0.0,0.0,0.0,0,0.0,11.11
RED EMPEROR SNAPPER 1.2-1.5 KG/ PCS @ $22.90 Comment RES229+1 below to join the Sale,OceanStar Seafood,00:50:00,1,15,0,0,0,0.0,0.0,0,0.0,0,0.0,0.0,0,0,0,0.0,0,0,0.0,0.0,0,0,0.0,0.0,0,0,0,0.0,0.0,0,0.0,0.0,0.0,0,0.0,0.0
RED SNAPPER WHOLE 1.7-1.9 KG/ PCS @$33.33 Comment RS33+1 below to join the Sale,OceanStar Seafood,00:50:13,1,14,0,0,$33.33  RS33+1,0.0,0.0,0,0.0,0,0.0,0.0,0,0,0,0.0,0,0,0.0,0.0,0,0,0.0,0.0,0,0,0,0.0,0.0,0,0.0,0.0,0.0,0,0.0,0.0
WhRs the packet of slice fish Infront of you ,Catherine Lim,00:50:23,0,9,0,0,0,0.0,0.0,0,0.0,0,0.0,0.0,0,0,0,0.0,0,0,0.0,0.0,0,0,0.0,0.0,0,0,0,0.0,0.0,0,0.0,0.0,0.0,0,0.0,0.0
2 x BATANG SOUP SLICED 300G/ PKT @$22.22 Comment BSS+1 below to join the Sale,OceanStar Seafood,00:50:52,1,15,0,0,$22.22  BSS+1,0.0,0.0,0,0.0,0,0.0,0.0,0,0,0,0.0,0,0,0.0,0.0,0,0,0.0,0.0,0,0,0,0.0,0.0,0,0.0,0.0,0.0,0,0.0,0.0
RED GROUPER SOUP SLICED 300G/ PKT @$11.11 ( PWP ) Comment RGSS+1 below to join the Sale,OceanStar Seafood,00:51:01,1,17,0,0,$11.11 ( PWP )  RGSS+1,0.0,0.0,0,0.0,0,0.0,0.0,0,0,0,0.0,0,0,0.0,0.0,0,0,0.0,0.0,0,0,0,0.0,0.0,0,0.0,0.0,0.0,0,0.0,0.0
MUST GRAB!!!! 3 X WILD CAUGHT ANG KA 500G/ POR @$22.22 Comment WAK+1 below to join the Sale.,OceanStar Seafood,00:51:15,1,18,0,0,$22.22  WAK+1 ,0.0,0.0,0,0.0,0,0.0,0.0,0,0,0,0.0,0,0,0.0,0.0,0,0,0.0,0.0,0,0,0,0.0,0.0,0,0.0,0.0,0.0,0,0.0,0.0
BSS+1,Catherine Lim,00:51:20,0,1,0,1,0,0.0,0.0,0,0.0,0,22.22,0.0,0,0,0,0.0,0,0,0.0,0.0,0,0,0.0,0.0,0,0,0,0.0,0.0,0,0.0,0.0,0.0,0,0.0,0.0
LAST PCS!!! CHINESE POMFRET 500-600G/ PCS @ $21.00 Comment CP21+1 below to join the Sale,OceanStar Seafood,00:51:43,1,15,0,0,0,0.0,0.0,0,0.0,0,0.0,0.0,0,0,0,0.0,0,0,0.0,0.0,0,0,0.0,0.0,0,0,0,0.0,0.0,0,0.0,0.0,0.0,0,0.0,0.0
RGSS+1,Catherine Lim,00:51:50,0,1,0,1,0,0.0,0.0,0,0.0,0,0.0,0.0,0,0,0,0.0,0,0,0.0,0.0,0,0,0.0,0.0,0,0,0,11.11,0.0,0,0.0,0.0,0.0,0,0.0,0.0
Show me the ang Kar again ,Catherine Lim,00:52:19,0,6,0,0,0,0.0,0.0,0,0.0,0,0.0,0.0,0,0,0,0.0,0,0,0.0,0.0,0,0,0.0,0.0,0,0,0,0.0,0.0,0,0.0,0.0,0.0,0,0.0,0.0
2 X RED SNAPPER TAIL 500-600G/ PCS @$25.90 Comment RST+1 below to join the Sale,OceanStar Seafood,00:52:23,1,15,0,0,$25.90  RST+1,0.0,0.0,0,0.0,0,0.0,0.0,0,0,0,0.0,0,0,0.0,0.0,0,0,0.0,0.0,0,0,0,0.0,0.0,0,0.0,0.0,0.0,0,0.0,0.0
got slipper lobster?,Eileen Tan,00:52:46,0,3,0,0,0,0.0,0.0,0,0.0,0,0.0,0.0,0,0,0,0.0,0,0,0.0,0.0,0,0,0.0,0.0,0,0,0,0.0,0.0,0,0.0,0.0,0.0,0,0.0,0.0
MUST GRAB!!!! 3 X WILD CAUGHT ANG KA 500G/ POR @$22.22 Comment WAK+1 below to join the Sale.,OceanStar Seafood,00:52:48,1,18,0,0,$22.22  WAK+1 ,0.0,0.0,0,0.0,0,0.0,0.0,0,0,0,0.0,0,0,0.0,0.0,0,0,0.0,0.0,0,0,0,0.0,0.0,0,0.0,0.0,0.0,0,0.0,0.0
2 X SLIPPER LOBSTER 5-8 PCS/ KG @$39.90 Comment SL399+1 below to join the Sale.,OceanStar Seafood,00:53:06,1,15,0,0,$39.90  SL399+1 ,0.0,0.0,0,0.0,0,0.0,0.0,0,0,0,0.0,0,0,0.0,0.0,0,0,0.0,0.0,0,0,0,0.0,0.0,0,0.0,0.0,0.0,0,0.0,0.0
Can see ang Kar ,Catherine Lim,00:53:37,0,4,0,0,0,0.0,0.0,0,0.0,0,0.0,0.0,0,0,0,0.0,0,0,0.0,0.0,0,0,0.0,0.0,0,0,0,0.0,0.0,0,0.0,0.0,0.0,0,0.0,0.0
"RST+1, fillet",Eileen Tan,00:53:43,0,2,0,1,0,0.0,0.0,0,0.0,0,0.0,0.0,0,0,0,0.0,0,0,0.0,0.0,0,0,0.0,0.0,0,0,0,0.0,25.9,0,0.0,0.0,0.0,0,0.0,0.0
Angka buck kim kim,Jack Daniel,00:54:20,0,4,0,0,0,0.0,0.0,0,0.0,0,0.0,0.0,0,0,0,0.0,0,0,0.0,0.0,0,0,0.0,0.0,0,0,0,0.0,0.0,0,0.0,0.0,0.0,0,0.0,0.0
SL399+1,Eileen Tan,00:54:31,0,1,0,1,0,0.0,0.0,0,0.0,0,0.0,0.0,0,0,0,0.0,0,0,0.0,0.0,0,0,0.0,0.0,0,0,0,0.0,0.0,0,39.9,0.0,0.0,0,0.0,0.0
Dark black,Fabian Low,00:54:31,0,2,0,0,0,0.0,0.0,0,0.0,0,0.0,0.0,0,0,0,0.0,0,0,0.0,0.0,0,0,0.0,0.0,0,0,0,0.0,0.0,0,0.0,0.0,0.0,0,0.0,0.0
WAK+1,Catherine Lim,00:54:43,0,1,0,1,0,0.0,0.0,0,0.0,0,0.0,0.0,0,0,0,0.0,0,0,0.0,0.0,0,0,0.0,0.0,0,0,0,0.0,0.0,0,0.0,0.0,0.0,0,22.22,0.0
3 X WILD CAUGHT ANG KA 500G/ POR @$22.22 Comment WAK+1 below to join the Sale.,OceanStar Seafood,00:54:45,1,16,0,0,$22.22  WAK+1 ,0.0,0.0,0,0.0,0,0.0,0.0,0,0,0,0.0,0,0,0.0,0.0,0,0,0.0,0.0,0,0,0,0.0,0.0,0,0.0,0.0,0.0,0,0.0,0.0
U wanna start again ah BLACK!,Winnie Wu,00:54:51,0,6,0,0,0,0.0,0.0,0,0.0,0,0.0,0.0,0,0,0,0.0,0,0,0.0,0.0,0,0,0.0,0.0,0,0,0,0.0,0.0,0,0.0,0.0,0.0,0,0.0,0.0
RST+1,Catherine Lim,00:54:58,0,1,0,1,0,0.0,0.0,0,0.0,0,0.0,0.0,0,0,0,0.0,0,0,0.0,0.0,0,0,0.0,0.0,0,0,0,0.0,25.9,0,0.0,0.0,0.0,0,0.0,0.0
Miko also buck kim kim  ,Jack Daniel,00:54:58,0,5,0,0,0,0.0,0.0,0,0.0,0,0.0,0.0,0,0,0,0.0,0,0,0.0,0.0,0,0,0.0,0.0,0,0,0,0.0,0.0,0,0.0,0.0,0.0,0,0.0,0.0
2 X ORGANIC LIVE PRAWN 500G/ PORTION @$23.90 Comment OLP239+1 below to join the Sale.,OceanStar Seafood,00:55:21,1,15,0,0,$23.90  OLP239+1 ,0.0,0.0,0,0.0,0,0.0,0.0,0,0,0,0.0,0,0,0.0,0.0,0,0,0.0,0.0,0,0,0,0.0,0.0,0,0.0,0.0,0.0,0,0.0,0.0
STF+3,Eileen Tan,00:55:22,0,1,0,3,0,0.0,0.0,0,0.0,0,0.0,0.0,0,0,0,0.0,0,0,0.0,0.0,0,0,0.0,0.0,0,0,0,0.0,0.0,0,0.0,8.8,0.0,0,0.0,0.0
Have red snapper fish bone ? ,Catherine Lim,00:55:25,0,6,0,0,0,0.0,0.0,0,0.0,0,0.0,0.0,0,0,0,0.0,0,0,0.0,0.0,0,0,0.0,0.0,0,0,0,0.0,0.0,0,0.0,0.0,0.0,0,0.0,0.0
Bye bye,Winnie Wu,00:55:27,0,2,0,0,0,0.0,0.0,0,0.0,0,0.0,0.0,0,0,0,0.0,0,0,0.0,0.0,0,0,0.0,0.0,0,0,0,0.0,0.0,0,0.0,0.0,0.0,0,0.0,0.0
He got limitation leh,Winnie Wu,00:55:27,0,4,0,0,0,0.0,0.0,0,0.0,0,0.0,0.0,0,0,0,0.0,0,0,0.0,0.0,0,0,0.0,0.0,0,0,0,0.0,0.0,0,0.0,0.0,0.0,0,0.0,0.0
Then the family gor sugar baby,Winnie Wu,00:55:27,0,6,0,0,0,0.0,0.0,0,0.0,0,0.0,0.0,0,0,0,0.0,0,0,0.0,0.0,0,0,0.0,0.0,0,0,0,0.0,0.0,0,0.0,0.0,0.0,0,0.0,0.0
The aircon only above lena?,Winnie Wu,00:55:27,0,5,0,0,0,0.0,0.0,0,0.0,0,0.0,0.0,0,0,0,0.0,0,0,0.0,0.0,0,0,0.0,0.0,0,0,0,0.0,0.0,0,0.0,0.0,0.0,0,0.0,0.0
Kelvin go vietnam? Find wife?,Winnie Wu,00:55:27,0,5,0,0,0,0.0,0.0,0,0.0,0,0.0,0.0,0,0,0,0.0,0,0,0.0,0.0,0,0,0.0,0.0,0,0,0,0.0,0.0,0,0.0,0.0,0.0,0,0.0,0.0
1feb,Winnie Wu,00:55:27,0,1,0,0,0,0.0,0.0,0,0.0,0,0.0,0.0,0,0,0,0.0,0,0,0.0,0.0,0,0,0.0,0.0,0,0,0,0.0,0.0,0,0.0,0.0,0.0,0,0.0,0.0
Chicks follow which hen?,Winnie Wu,00:55:27,0,4,0,0,0,0.0,0.0,0,0.0,0,0.0,0.0,0,0,0,0.0,0,0,0.0,0.0,0,0,0.0,0.0,0,0,0,0.0,0.0,0,0.0,0.0,0.0,0,0.0,0.0
How many chicks are there? Need to get ready for preorder,Winnie Wu,00:55:27,0,11,0,0,0,0.0,0.0,0,0.0,0,0.0,0.0,0,0,0,0.0,0,0,0.0,0.0,0,0,0.0,0.0,0,0,0,0.0,0.0,0,0.0,0.0,0.0,0,0.0,0.0
Oh chick ah not still egg?,Winnie Wu,00:55:27,0,6,0,0,0,0.0,0.0,0,0.0,0,0.0,0.0,0,0,0,0.0,0,0,0.0,0.0,0,0,0.0,0.0,0,0,0,0.0,0.0,0,0.0,0.0,0.0,0,0.0,0.0
U dun digest till next year cny hor,Winnie Wu,00:55:27,0,8,0,0,0,0.0,0.0,0,0.0,0,0.0,0.0,0,0,0,0.0,0,0,0.0,0.0,0,0,0.0,0.0,0,0,0,0.0,0.0,0,0.0,0.0,0.0,0,0.0,0.0
Cooked prawn sweet and cruchy,Winnie Wu,00:55:27,0,5,0,0,0,0.0,0.0,0,0.0,0,0.0,0.0,0,0,0,0.0,0,0,0.0,0.0,0,0,0.0,0.0,0,0,0,0.0,0.0,0,0.0,0.0,0.0,0,0.0,0.0
Shy ur head la,Winnie Wu,00:55:27,0,4,0,0,0,0.0,0.0,0,0.0,0,0.0,0.0,0,0,0,0.0,0,0,0.0,0.0,0,0,0.0,0.0,0,0,0,0.0,0.0,0,0.0,0.0,0.0,0,0.0,0.0
Ss588,Winnie Wu,00:55:27,0,1,0,0,0,0.0,0.0,0,0.0,0,0.0,0.0,0,0,0,0.0,0,0,0.0,0.0,0,0,0.0,0.0,0,0,0,0.0,0.0,0,0.0,0.0,0.0,0,0.0,0.0
Tattoo cool leh show la,Winnie Wu,00:55:27,0,5,0,0,0,0.0,0.0,0,0.0,0,0.0,0.0,0,0,0,0.0,0,0,0.0,0.0,0,0,0.0,0.0,0,0,0,0.0,0.0,0,0.0,0.0,0.0,0,0.0,0.0
U let me know,Winnie Wu,00:55:27,0,4,0,0,0,0.0,0.0,0,0.0,0,0.0,0.0,0,0,0,0.0,0,0,0.0,0.0,0,0,0.0,0.0,0,0,0,0.0,0.0,0,0.0,0.0,0.0,0,0.0,0.0
Next time u wear sleeveless?,Winnie Wu,00:55:27,0,5,0,0,0,0.0,0.0,0,0.0,0,0.0,0.0,0,0,0,0.0,0,0,0.0,0.0,0,0,0.0,0.0,0,0,0,0.0,0.0,0,0.0,0.0,0.0,0,0.0,0.0
Miko u got lobsters these days?,Winnie Wu,00:55:27,0,6,0,0,0,0.0,0.0,0,0.0,0,0.0,0.0,0,0,0,0.0,0,0,0.0,0.0,0,0,0.0,0.0,0,0,0,0.0,0.0,0,0.0,0.0,0.0,0,0.0,0.0
Ok next round,Winnie Wu,00:55:27,0,3,0,0,0,0.0,0.0,0,0.0,0,0.0,0.0,0,0,0,0.0,0,0,0.0,0.0,0,0,0.0,0.0,0,0,0,0.0,0.0,0,0.0,0.0,0.0,0,0.0,0.0
Swee swee hor yes got both confirmation,Winnie Wu,00:55:27,0,7,0,0,0,0.0,0.0,0,0.0,0,0.0,0.0,0,0,0,0.0,0,0,0.0,0.0,0,0,0.0,0.0,0,0,0,0.0,0.0,0,0.0,0.0,0.0,0,0.0,0.0
Wak+1 rgss+3,Winnie Wu,00:55:27,0,2,0,1,0,0.0,0.0,0,0.0,0,0.0,0.0,0,0,0,0.0,0,0,0.0,0.0,0,0,0.0,0.0,0,0,0,0.0,0.0,0,0.0,0.0,0.0,0,22.22,0.0
Today hv batang tail?,Like Natalia Akashi,00:55:36,0,4,0,0,0,0.0,0.0,0,0.0,0,0.0,0.0,0,0,0,0.0,0,0,0.0,0.0,0,0,0.0,0.0,0,0,0,0.0,0.0,0,0.0,0.0,0.0,0,0.0,0.0
Sorry red grouper fish bone ,Catherine Lim,00:55:59,0,5,0,0,0,0.0,0.0,0,0.0,0,0.0,0.0,0,0,0,0.0,0,0,0.0,0.0,0,0,0.0,0.0,0,0,0,0.0,0.0,0,0.0,0.0,0.0,0,0.0,0.0
Got fish head ? ,Catherine Lim,00:56:10,0,4,0,0,0,0.0,0.0,0,0.0,0,0.0,0.0,0,0,0,0.0,0,0,0.0,0.0,0,0,0.0,0.0,0,0,0,0.0,0.0,0,0.0,0.0,0.0,0,0.0,0.0
BATANG TAIL 1.1-1.2 KG/ PCS @$28.00 Comment BT28+1 below to join the Sale,OceanStar Seafood,00:56:29,1,13,0,0,$28.00  BT28+1,0.0,0.0,0,0.0,0,0.0,0.0,0,0,0,0.0,0,0,0.0,0.0,0,0,0.0,0.0,0,0,0,0.0,0.0,0,0.0,0.0,0.0,0,0.0,0.0
MUST GRAB!!! 3 X MUAR OTAK / PKT @$11.11 Comment OTAK+1 below to join the Sale,OceanStar Seafood,00:56:50,1,16,0,0,$11.11  OTAK+1,0.0,0.0,0,0.0,0,0.0,0.0,0,0,0,0.0,0,0,0.0,0.0,0,0,0.0,0.0,0,0,0,0.0,0.0,0,0.0,0.0,0.0,0,0.0,0.0
What s the code for red grouper fish bone ,Catherine Lim,00:56:59,0,9,0,0,0,0.0,0.0,0,0.0,0,0.0,0.0,0,0,0,0.0,0,0,0.0,0.0,0,0,0.0,0.0,0,0,0,0.0,0.0,0,0.0,0.0,0.0,0,0.0,0.0
You got fish sauce,Ong Patsy,00:57:04,0,4,0,0,0,0.0,0.0,0,0.0,0,0.0,0.0,0,0,0,0.0,0,0,0.0,0.0,0,0,0.0,0.0,0,0,0,0.0,0.0,0,0.0,0.0,0.0,0,0.0,0.0
got salmon head?,Eileen Tan,00:57:07,0,3,0,0,0,0.0,0.0,0,0.0,0,0.0,0.0,0,0,0,0.0,0,0,0.0,0.0,0,0,0.0,0.0,0,0,0,0.0,0.0,0,0.0,0.0,0.0,0,0.0,0.0
You got black pepper sauce,Ong Patsy,00:57:29,0,5,0,0,0,0.0,0.0,0,0.0,0,0.0,0.0,0,0,0,0.0,0,0,0.0,0.0,0,0,0.0,0.0,0,0,0,0.0,0.0,0,0.0,0.0,0.0,0,0.0,0.0
Code for red grouper fish bone ,Catherine Lim,00:57:29,0,6,0,0,0,0.0,0.0,0,0.0,0,0.0,0.0,0,0,0,0.0,0,0,0.0,0.0,0,0,0.0,0.0,0,0,0,0.0,0.0,0,0.0,0.0,0.0,0,0.0,0.0
OTAK+2,Kate Tham,00:57:51,0,1,0,2,0,0.0,0.0,0,0.0,0,0.0,0.0,0,0,0,0.0,0,0,0.0,0.0,0,0,0.0,11.11,0,0,0,0.0,0.0,0,0.0,0.0,0.0,0,0.0,0.0
RGB+2,Catherine Lim,00:57:56,0,1,0,2,0,0.0,0.0,0,0.0,0,0.0,0.0,0,0,0,0.0,0,0,0.0,0.0,0,0,0.0,0.0,0,0,0,0.0,0.0,0,0.0,0.0,0.0,0,0.0,0.0
Otak+1,Fabian Low,00:58:22,0,1,0,1,0,0.0,0.0,0,0.0,0,0.0,0.0,0,0,0,0.0,0,0,0.0,0.0,0,0,0.0,11.11,0,0,0,0.0,0.0,0,0.0,0.0,0.0,0,0.0,0.0
The otak is chunky fish meat?,Fabian Low,00:58:32,0,6,0,0,0,0.0,0.0,0,0.0,0,0.0,0.0,0,0,0,0.0,0,0,0.0,0.0,0,0,0.0,0.0,0,0,0,0.0,0.0,0,0.0,0.0,0.0,0,0.0,0.0
You got dim sum,Ong Patsy,00:58:48,0,4,0,0,0,0.0,0.0,0,0.0,0,0.0,0.0,0,0,0,0.0,0,0,0.0,0.0,0,0,0.0,0.0,0,0,0,0.0,0.0,0,0.0,0.0,0.0,0,0.0,0.0
Bff+,Lee San San,00:58:54,0,1,0,0,0,0.0,0.0,0,0.0,0,0.0,0.0,0,0,0,0.0,0,0,0.0,0.0,0,0,0.0,0.0,0,0,0,0.0,0.0,0,0.0,0.0,0.0,0,0.0,0.0
Xiaomei otak is good,Jack Daniel,00:58:55,0,4,0,0,0,0.0,0.0,0,0.0,0,0.0,0.0,0,0,0,0.0,0,0,0.0,0.0,0,0,0.0,0.0,0,0,0,0.0,0.0,0,0.0,0.0,0.0,0,0.0,0.0
BTT+1,Lee San San,00:59:36,0,1,0,1,0,0.0,0.0,0,0.0,0,0.0,0.0,0,0,0,0.0,0,0,0.0,0.0,0,0,0.0,0.0,0,0,0,0.0,0.0,0,0.0,0.0,0.0,0,0.0,0.0
Miko may I know Tuapan tail how much?,Chiang Kok Chin,00:59:54,0,8,0,0,0,0.0,0.0,0,0.0,0,0.0,0.0,0,0,0,0.0,0,0,0.0,0.0,0,0,0.0,0.0,0,0,0,0.0,0.0,0,0.0,0.0,0.0,0,0.0,0.0
2 X SLIPPER LOBSTER 5-8 PCS/ KG @$39.90 Comment SL399+1 below to join the Sale,OceanStar Seafood,01:00:03,1,15,0,0,$39.90  SL399+1,0.0,0.0,0,0.0,0,0.0,0.0,0,0,0,0.0,0,0,0.0,0.0,0,0,0.0,0.0,0,0,0,0.0,0.0,0,0.0,0.0,0.0,0,0.0,0.0
BS+1,Debbie Chng,01:00:20,0,1,0,1,0,0.0,0.0,0,0.0,0,0.0,0.0,0,0,0,0.0,0,0,0.0,0.0,0,0,0.0,0.0,0,0,0,0.0,0.0,0,0.0,0.0,0.0,0,0.0,0.0
still got kunning?,Eileen Tan,01:00:42,0,3,0,0,0,0.0,0.0,0,0.0,0,0.0,0.0,0,0,0,0.0,0,0,0.0,0.0,0,0,0.0,0.0,0,0,0,0.0,0.0,0,0.0,0.0,0.0,0,0.0,0.0
BTT+1,Lee San San,01:00:44,0,1,0,1,0,0.0,0.0,0,0.0,0,0.0,0.0,0,0,0,0.0,0,0,0.0,0.0,0,0,0.0,0.0,0,0,0,0.0,0.0,0,0.0,0.0,0.0,0,0.0,0.0
CRAZY DEAL!!! 2 X COD TAIL PORTION 1.0-1.2 KG/ PCS ( ST) @ $111.11 Comment PCT+1 below to join the Sale,OceanStar Seafood,01:00:51,1,21,0,0,0,0.0,0.0,0,0.0,0,0.0,0.0,0,0,0,0.0,0,0,0.0,0.0,0,0,0.0,0.0,0,0,0,0.0,0.0,0,0.0,0.0,0.0,0,0.0,0.0
2 X KUNNING 500G/ PKT @$11.11 Comment KN11+1 below to join the Sale.,OceanStar Seafood,01:01:05,1,13,0,0,$11.11  KN11+1 ,0.0,0.0,0,0.0,0,0.0,0.0,0,0,0,0.0,0,0,0.0,0.0,0,0,0.0,0.0,0,0,0,0.0,0.0,0,0.0,0.0,0.0,0,0.0,0.0
KN11+1,Eileen Tan,01:01:25,0,1,0,1,0,0.0,0.0,0,0.0,0,0.0,0.0,0,0,0,0.0,0,0,11.11,0.0,0,0,0.0,0.0,0,0,0,0.0,0.0,0,0.0,0.0,0.0,0,0.0,0.0
Oh angkong ,Jack Daniel,01:01:46,0,2,0,0,0,0.0,0.0,0,0.0,0,0.0,0.0,0,0,0,0.0,0,0,0.0,0.0,0,0,0.0,0.0,0,0,0,0.0,0.0,0,0.0,0.0,0.0,0,0.0,0.0
Wow  angkong lei  I want to see lei  show show  come come  ,Tricia Avocado Chan,01:02:00,0,12,0,0,0,0.0,0.0,0,0.0,0,0.0,0.0,0,0,0,0.0,0,0,0.0,0.0,0,0,0.0,0.0,0,0,0,0.0,0.0,0,0.0,0.0,0.0,0,0.0,0.0
ORGANIC COOKED SHRIMP 31-40PCS/ PKT @$ 18.80 Comment SCP+1 below to join the Sale.,OceanStar Seafood,01:02:08,1,14,0,0,$ 18.80  SCP+1 ,0.0,0.0,0,0.0,0,0.0,0.0,0,0,0,0.0,0,0,0.0,0.0,0,0,0.0,0.0,0,0,0,0.0,0.0,0,0.0,0.0,0.0,0,0.0,0.0
Any salmon trout ? ,Catherine Lim,01:02:18,0,4,0,0,0,0.0,0.0,0,0.0,0,0.0,0.0,0,0,0,0.0,0,0,0.0,0.0,0,0,0.0,0.0,0,0,0,0.0,0.0,0,0.0,0.0,0.0,0,0.0,0.0
Hello Miko LNS,Stella Lim,01:02:52,0,3,1,0,0,0.0,0.0,0,0.0,0,0.0,0.0,0,0,0,0.0,0,0,0.0,0.0,0,0,0.0,0.0,0,0,0,0.0,0.0,0,0.0,0.0,0.0,0,0.0,0.0
FG+1,Lee San San,01:02:54,0,1,0,1,0,0.0,0.0,0,0.0,0,0.0,0.0,0,0,0,11.11,0,0,0.0,0.0,0,0,0.0,0.0,0,0,0,0.0,0.0,0,0.0,0.0,0.0,0,0.0,0.0
Whole pcs or fillet?,OceanStar Seafood,01:02:56,1,4,0,0,0,0.0,0.0,0,0.0,0,0.0,0.0,0,0,0,0.0,0,0,0.0,0.0,0,0,0.0,0.0,0,0,0,0.0,0.0,0,0.0,0.0,0.0,0,0.0,0.0
PREMIUM GRADE SALMON 2.2-2.4 KG/ PCS @58.80 Comment SS588+1 below to join the Sale,OceanStar Seafood,01:03:48,1,14,0,0,0,0.0,0.0,0,0.0,0,0.0,0.0,0,0,0,0.0,0,0,0.0,0.0,0,0,0.0,0.0,0,0,0,0.0,0.0,0,0.0,0.0,0.0,0,0.0,0.0
Premium salmon ,Catherine Lim,01:03:53,0,2,0,0,0,0.0,0.0,0,0.0,0,0.0,0.0,0,0,0,0.0,0,0,0.0,0.0,0,0,0.0,0.0,0,0,0,0.0,0.0,0,0.0,0.0,0.0,0,0.0,0.0
LAST 2 PCS!!! WHITE POMFRET 400-500G/ PCS @ $18.00 Comment WP18+1 below to join the Sale,OceanStar Seafood,01:04:06,1,16,0,0,0,0.0,0.0,0,0.0,0,0.0,0.0,0,0,0,0.0,0,0,0.0,0.0,0,0,0.0,0.0,0,0,0,0.0,0.0,0,0.0,0.0,0.0,0,0.0,0.0
WBF+1,Eileen Tan,01:04:10,0,1,0,1,0,0.0,0.0,0,0.0,0,0.0,0.0,0,0,0,0.0,0,0,0.0,0.0,0,0,0.0,0.0,0,0,0,0.0,0.0,0,0.0,0.0,0.0,0,0.0,11.11
You mean whole fish ??,Catherine Lim,01:04:31,0,5,0,0,0,0.0,0.0,0,0.0,0,0.0,0.0,0,0,0,0.0,0,0,0.0,0.0,0,0,0.0,0.0,0,0,0,0.0,0.0,0,0.0,0.0,0.0,0,0.0,0.0
HOKKAIDO SCALLOP 1KG / PKT @ $28.00 Comment HS+1 below to join the Sale,OceanStar Seafood,01:05:09,1,14,0,0,0,0.0,0.0,0,0.0,0,0.0,0.0,0,0,0,0.0,0,0,0.0,0.0,0,0,0.0,0.0,0,0,0,0.0,0.0,0,0.0,0.0,0.0,0,0.0,0.0
ORGANIC COOKED SHRIMP 31-40PCS/ PKT @$ 18.80 Comment SCP+1 below to join the Sale.,OceanStar Seafood,01:05:17,1,14,0,0,$ 18.80  SCP+1 ,0.0,0.0,0,0.0,0,0.0,0.0,0,0,0,0.0,0,0,0.0,0.0,0,0,0.0,0.0,0,0,0,0.0,0.0,0,0.0,0.0,0.0,0,0.0,0.0
Christmas coming. Got sell any  ? ,Stella Lim,01:06:19,0,6,0,0,0,0.0,0.0,0,0.0,0,0.0,0.0,0,0,0,0.0,0,0,0.0,0.0,0,0,0.0,0.0,0,0,0,0.0,0.0,0,0.0,0.0,0.0,0,0.0,0.0
2 x BATANG SOUP SLICED 300G/ PKT @$22.22 Comment BSS+1 below to join the Sale,OceanStar Seafood,01:06:38,1,15,0,0,$22.22  BSS+1,0.0,0.0,0,0.0,0,0.0,0.0,0,0,0,0.0,0,0,0.0,0.0,0,0,0.0,0.0,0,0,0,0.0,0.0,0,0.0,0.0,0.0,0,0.0,0.0
HOKKAIDO SCALLOP 1KG / PKT @ $28.00 Comment HS+1 below to join the Sale,OceanStar Seafood,01:06:46,1,14,0,0,0,0.0,0.0,0,0.0,0,0.0,0.0,0,0,0,0.0,0,0,0.0,0.0,0,0,0.0,0.0,0,0,0,0.0,0.0,0,0.0,0.0,0.0,0,0.0,0.0
Any salmon fillet ? ,Catherine Lim,01:07:00,0,4,0,0,0,0.0,0.0,0,0.0,0,0.0,0.0,0,0,0,0.0,0,0,0.0,0.0,0,0,0.0,0.0,0,0,0,0.0,0.0,0,0.0,0.0,0.0,0,0.0,0.0
2 X SILVER POMFRET 350-450G/PCS@ $9.90 Comment SP+1 below to join the Sale,OceanStar Seafood,01:07:02,1,13,0,0,0,0.0,0.0,0,0.0,0,0.0,0.0,0,0,0,0.0,0,0,0.0,0.0,0,0,0.0,0.0,0,0,0,0.0,0.0,0,0.0,0.0,0.0,0,0.0,0.0
Sell  ? ,Stella Lim,01:07:07,0,2,0,0,0,0.0,0.0,0,0.0,0,0.0,0.0,0,0,0,0.0,0,0,0.0,0.0,0,0,0.0,0.0,0,0,0,0.0,0.0,0,0.0,0.0,0.0,0,0.0,0.0
2 X CHINESE POMFRET 250-350G/ PCS @$14.00 Comment CP14+1 below to join the Sale,OceanStar Seafood,01:07:12,1,14,0,0,$14.00  CP14+1,0.0,0.0,0,0.0,0,0.0,0.0,0,0,0,0.0,0,0,0.0,0.0,0,0,0.0,0.0,0,0,0,0.0,0.0,0,0.0,0.0,0.0,0,0.0,0.0
SALMON TROUT FILLET 300-350G/ PCS @$8.80 ( PWP ) Comment STF+1 below to join the Sale.,OceanStar Seafood,01:07:24,1,16,0,0,$8.80 ( PWP )  STF+1 ,0.0,0.0,0,0.0,0,0.0,0.0,0,0,0,0.0,0,0,0.0,0.0,0,0,0.0,0.0,0,0,0,0.0,0.0,0,0.0,0.0,0.0,0,0.0,0.0
STF+2,Catherine Lim,01:07:46,0,1,0,2,0,0.0,0.0,0,0.0,0,0.0,0.0,0,0,0,0.0,0,0,0.0,0.0,0,0,0.0,0.0,0,0,0,0.0,0.0,0,0.0,8.8,0.0,0,0.0,0.0
PONTIAN BABY WHITE POMFRET 450G+-/ PKT @ $8.80 Comment BWP+1 below to join the Sale,OceanStar Seafood,01:08:04,1,15,0,0,0,0.0,0.0,0,0.0,0,0.0,0.0,0,0,0,0.0,0,0,0.0,0.0,0,0,0.0,0.0,0,0,0,0.0,0.0,0,0.0,0.0,0.0,0,0.0,0.0
2 X FRANCE COD FL 400-500G/ PKT @$59.90 Comment FCF+1 below to join the Sale,OceanStar Seafood,01:08:21,1,15,0,0,$59.90  FCF+1,0.0,0.0,0,0.0,0,0.0,0.0,0,0,0,0.0,0,0,0.0,0.0,0,0,0.0,0.0,0,0,0,0.0,0.0,0,0.0,0.0,0.0,0,0.0,0.0
CRAZY DEAL!!!! 2 X COD TAIL PORTION 1.0-1.2 KG/ PCS ( ST) @ $111.11 Comment PCT+1 below to join the Sale,OceanStar Seafood,01:08:56,1,21,0,0,0,0.0,0.0,0,0.0,0,0.0,0.0,0,0,0,0.0,0,0,0.0,0.0,0,0,0.0,0.0,0,0,0,0.0,0.0,0,0.0,0.0,0.0,0,0.0,0.0
2 X KOREAN FLOWER CLAM 500G/ PKT @$8.00 Comment KFC+1 below to join the Sale,OceanStar Seafood,01:09:15,1,15,0,0,$8.00  KFC+1,0.0,0.0,0,0.0,0,0.0,0.0,0,0,0,0.0,0,0,0.0,0.0,0,0,0.0,0.0,0,0,0,0.0,0.0,0,0.0,0.0,0.0,0,0.0,0.0
I want christmas roasted chicken leh.,Stella Lim,01:09:23,0,6,0,0,0,0.0,0.0,0,0.0,0,0.0,0.0,0,0,0,0.0,0,0,0.0,0.0,0,0,0.0,0.0,0,0,0,0.0,0.0,0,0.0,0.0,0.0,0,0.0,0.0
LAST SET!! 2 X MALA FLOWER CLAM 500G/ PKT @ $ 9.90 Comment MFC+1 below to join the Sale,OceanStar Seafood,01:09:36,1,19,0,0,0,0.0,0.0,0,0.0,0,0.0,0.0,0,0,0,0.0,0,0,0.0,0.0,0,0,0.0,0.0,0,0,0,0.0,0.0,0,0.0,0.0,0.0,0,0.0,0.0
JAPAN SEASONED JELLY FISH 1KG/ PKT @$30 Comment SJF+1 below to join the Sale.,OceanStar Seafood,01:10:15,1,14,0,0,$30  SJF+1 ,0.0,0.0,0,0.0,0,0.0,0.0,0,0,0,0.0,0,0,0.0,0.0,0,0,0.0,0.0,0,0,0,0.0,0.0,0,0.0,0.0,0.0,0,0.0,0.0
ANG KO LI TAIL 1.1-1.2 KG/ PCS @ $19.90 Comment AKLT+1 below to join the Sale,OceanStar Seafood,01:11:16,1,16,0,0,0,0.0,0.0,0,0.0,0,0.0,0.0,0,0,0,0.0,0,0,0.0,0.0,0,0,0.0,0.0,0,0,0,0.0,0.0,0,0.0,0.0,0.0,0,0.0,0.0
2 X LEATHER JACKET 600-700G/ PCS @ $19.90 Comment LJ199+1 below to join the Sale,OceanStar Seafood,01:11:34,1,15,0,0,0,0.0,0.0,0,0.0,0,0.0,0.0,0,0,0,0.0,0,0,0.0,0.0,0,0,0.0,0.0,0,0,0,0.0,0.0,0,0.0,0.0,0.0,0,0.0,0.0
The mala flower clam open and cook can le is it? ,Tricia Avocado Chan,01:11:42,0,11,0,0,0,0.0,0.0,0,0.0,0,0.0,0.0,0,0,0,0.0,0,0,0.0,0.0,0,0,0.0,0.0,0,0,0,0.0,0.0,0,0.0,0.0,0.0,0,0.0,0.0
2 X YELLOW CROAKER 400-450G/ PCS @$22.00 Comment YC+1 below to join the Sale,OceanStar Seafood,01:11:45,1,14,0,0,$22.00  YC+1,0.0,0.0,0,0.0,0,0.0,0.0,0,0,0,0.0,0,0,0.0,0.0,0,0,0.0,0.0,0,0,0,0.0,0.0,0,0.0,0.0,0.0,0,0.0,0.0
MFC+1,Tricia Avocado Chan,01:12:19,0,1,0,1,0,0.0,0.0,0,0.0,0,0.0,0.0,0,0,0,0.0,0,0,0.0,0.0,0,0,0.0,0.0,0,0,0,0.0,0.0,0,0.0,0.0,0.0,0,0.0,0.0
Miko can help to find fried crabsticks for cny ? CNY coming soon too haha. I thk miko will kill me - so many requests ,Stella Lim,01:13:03,0,25,0,0,0,0.0,0.0,0,0.0,0,0.0,0.0,0,0,0,0.0,0,0,0.0,0.0,0,0,0.0,0.0,0,0,0,0.0,0.0,0,0.0,0.0,0.0,0,0.0,0.0
Y like this . ,Tricia Avocado Chan,01:13:08,0,4,0,0,0,0.0,0.0,0,0.0,0,0.0,0.0,0,0,0,0.0,0,0,0.0,0.0,0,0,0.0,0.0,0,0,0,0.0,0.0,0,0.0,0.0,0.0,0,0.0,0.0
LAST 2 PCS!!! WHITE POMFRET 400-500G/ PCS @ $18.00 Comment WP18+1 below to join the Sale,OceanStar Seafood,01:13:41,1,16,0,0,0,0.0,0.0,0,0.0,0,0.0,0.0,0,0,0,0.0,0,0,0.0,0.0,0,0,0.0,0.0,0,0,0,0.0,0.0,0,0.0,0.0,0.0,0,0.0,0.0
v soon leh. CNY 1st feb ,Stella Lim,01:14:02,0,6,0,0,0,0.0,0.0,0,0.0,0,0.0,0.0,0,0,0,0.0,0,0,0.0,0.0,0,0,0.0,0.0,0,0,0,0.0,0.0,0,0.0,0.0,0.0,0,0.0,0.0
BALAI THREADFIN WHOLE 5.4-5.8 KG/ PCS @$111.10 Comment BTW111+1 below to join the Sale,OceanStar Seafood,01:14:12,1,14,0,0,$111.10  BTW111+1,0.0,0.0,0,0.0,0,0.0,0.0,0,0,0,0.0,0,0,0.0,0.0,0,0,0.0,0.0,0,0,0,0.0,0.0,0,0.0,0.0,0.0,0,0.0,0.0
u can start sell cny soon.,Stella Lim,01:14:18,0,6,0,0,0,0.0,0.0,0,0.0,0,0.0,0.0,0,0,0,0.0,0,0,0.0,0.0,0,0,0.0,0.0,0,0,0,0.0,0.0,0,0.0,0.0,0.0,0,0.0,0.0
What is the code for cai er,Ong Patsy,01:14:30,0,7,0,0,0,0.0,0.0,0,0.0,0,0.0,0.0,0,0,0,0.0,0,0,0.0,0.0,0,0,0.0,0.0,0,0,0,0.0,0.0,0,0.0,0.0,0.0,0,0.0,0.0
Got kanikama? ,Tricia Avocado Chan,01:14:39,0,2,0,0,0,0.0,0.0,0,0.0,0,0.0,0.0,0,0,0,0.0,0,0,0.0,0.0,0,0,0.0,0.0,0,0,0,0.0,0.0,0,0.0,0.0,0.0,0,0.0,0.0
2 X JP KANIKAMA 500G/PKT @ $29.90 Comment KKM+1 below to join the Sale,OceanStar Seafood,01:15:18,1,14,0,0,0,0.0,0.0,0,0.0,0,0.0,0.0,0,0,0,0.0,0,0,0.0,0.0,0,0,0.0,0.0,0,0,0,0.0,0.0,0,0.0,0.0,0.0,0,0.0,0.0
We tot u busy looking for wild caibuay,Fabian Low,01:15:32,0,8,0,0,0,0.0,0.0,0,0.0,0,0.0,0.0,0,0,0,0.0,0,0,0.0,0.0,0,0,0.0,0.0,0,0,0,0.0,0.0,0,0.0,0.0,0.0,0,0.0,0.0
KKM+1,Tricia Avocado Chan,01:15:38,0,1,0,1,0,0.0,0.0,0,0.0,0,0.0,0.0,0,0,0,0.0,0,0,0.0,0.0,0,0,0.0,0.0,0,0,0,0.0,0.0,0,0.0,0.0,0.0,0,0.0,0.0
KkM+1,Lee San San,01:16:04,0,1,0,1,0,0.0,0.0,0,0.0,0,0.0,0.0,0,0,0,0.0,0,0,0.0,0.0,0,0,0.0,0.0,0,0,0,0.0,0.0,0,0.0,0.0,0.0,0,0.0,0.0
ER+1,Ong Patsy,01:16:20,0,1,0,1,0,0.0,0.0,0,0.0,0,0.0,0.0,0,0,0,0.0,0,0,0.0,0.0,0,0,0.0,0.0,0,0,0,0.0,0.0,0,0.0,0.0,0.0,0,0.0,0.0
Cai Buay pen cai,Stella Lim,01:16:29,0,4,0,0,0,0.0,0.0,0,0.0,0,0.0,0.0,0,0,0,0.0,0,0,0.0,0.0,0,0,0.0,0.0,0,0,0,0.0,0.0,0,0.0,0.0,0.0,0,0.0,0.0
Otak otak,Fabian Low,01:16:32,0,2,0,0,0,0.0,0.0,0,0.0,0,0.0,0.0,0,0,0,0.0,0,0,0.0,0.0,0,0,0.0,0.0,0,0,0,0.0,0.0,0,0.0,0.0,0.0,0,0.0,0.0
Sis going back to find husband ah?,Fabian Low,01:17:13,0,7,0,0,0,0.0,0.0,0,0.0,0,0.0,0.0,0,0,0,0.0,0,0,0.0,0.0,0,0,0.0,0.0,0,0,0,0.0,0.0,0,0.0,0.0,0.0,0,0.0,0.0
 stop  ,Fabian Low,01:18:08,0,1,0,0,0,0.0,0.0,0,0.0,0,0.0,0.0,0,0,0,0.0,0,0,0.0,0.0,0,0,0.0,0.0,0,0,0,0.0,0.0,0,0.0,0.0,0.0,0,0.0,0.0
Hi miko Is the organic prawn fresh or frozen?,Sherlyn Khoo,01:18:09,0,9,0,0,0,0.0,0.0,0,0.0,0,0.0,0.0,0,0,0,0.0,0,0,0.0,0.0,0,0,0.0,0.0,0,0,0,0.0,0.0,0,0.0,0.0,0.0,0,0.0,0.0
Bambi stick. Lol,Fabian Low,01:19:34,0,3,0,0,0,0.0,0.0,0,0.0,0,0.0,0.0,0,0,0,0.0,0,0,0.0,0.0,0,0,0.0,0.0,0,0,0,0.0,0.0,0,0.0,0.0,0.0,0,0.0,0.0
Bamboo stick*,Fabian Low,01:19:41,0,2,0,0,0,0.0,0.0,0,0.0,0,0.0,0.0,0,0,0,0.0,0,0,0.0,0.0,0,0,0.0,0.0,0,0,0,0.0,0.0,0,0.0,0.0,0.0,0,0.0,0.0
Rgss+1,Lee San San,01:19:45,0,1,0,1,0,0.0,0.0,0,0.0,0,0.0,0.0,0,0,0,0.0,0,0,0.0,0.0,0,0,0.0,0.0,0,0,0,11.11,0.0,0,0.0,0.0,0.0,0,0.0,0.0
Bye bye . whatsapp me ah .,Tricia Avocado Chan,01:19:58,0,7,0,0,0,0.0,0.0,0,0.0,0,0.0,0.0,0,0,0,0.0,0,0,0.0,0.0,0,0,0.0,0.0,0,0,0,0.0,0.0,0,0.0,0.0,0.0,0,0.0,0.0
Bye bye  ,Fabian Low,01:20:10,0,2,0,0,0,0.0,0.0,0,0.0,0,0.0,0.0,0,0,0,0.0,0,0,0.0,0.0,0,0,0.0,0.0,0,0,0,0.0,0.0,0,0.0,0.0,0.0,0,0.0,0.0
Bye,Lee San San,01:20:15,0,1,0,0,0,0.0,0.0,0,0.0,0,0.0,0.0,0,0,0,0.0,0,0,0.0,0.0,0,0,0.0,0.0,0,0,0,0.0,0.0,0,0.0,0.0,0.0,0,0.0,0.0
Bye bye sugar sis,Fabian Low,01:20:16,0,4,0,0,0,0.0,0.0,0,0.0,0,0.0,0.0,0,0,0,0.0,0,0,0.0,0.0,0,0,0.0,0.0,0,0,0,0.0,0.0,0,0.0,0.0,0.0,0,0.0,0.0
Bye bye sugar bro,Fabian Low,01:20:22,0,4,0,0,0,0.0,0.0,0,0.0,0,0.0,0.0,0,0,0,0.0,0,0,0.0,0.0,0,0,0.0,0.0,0,0,0,0.0,0.0,0,0.0,0.0,0.0,0,0.0,0.0
bye,Stella Lim,01:20:22,0,1,0,0,0,0.0,0.0,0,0.0,0,0.0,0.0,0,0,0,0.0,0,0,0.0,0.0,0,0,0.0,0.0,0,0,0,0.0,0.0,0,0.0,0.0,0.0,0,0.0,0.0
Bye,Ong Patsy,01:20:40,0,1,0,0,0,0.0,0.0,0,0.0,0,0.0,0.0,0,0,0,0.0,0,0,0.0,0.0,0,0,0.0,0.0,0,0,0,0.0,0.0,0,0.0,0.0,0.0,0,0.0,0.0
